@Article{monzelAphantasiaDysikonesiaAnauralia2022,
  title = {Aphantasia, Dysikonesia, Anauralia: Call for a Single Term for the Lack of Mental Imagery–{{Commentary}} on {{Dance}} et~al. (2021) and {{Hinwar}} and {{Lambert}} (2021)},
  shorttitle = {Aphantasia, Dysikonesia, Anauralia},
  author = {Merlin Monzel and David Mitchell and Fiona Macpherson and Joel Pearson and Adam Zeman},
  date = {2022-02-10},
  journaltitle = {Cortex},
  shortjournal = {Cortex},
  volume = {150},
  pages = {149--152},
  issn = {0010-9452},
  doi = {10.1016/j.cortex.2022.02.002},
  url = {https://www.sciencedirect.com/science/article/pii/S0010945222000417},
  urldate = {2022-09-13},
  langid = {english},
  keywords = {Accès libre,Correlates - Prevalence,Imagery - Auditory,Imagery - Multi-sensory,Imagery - Visual,Lus - Abstract/travers,Lus - Complet,Nomenclature},
  file = {C\:\\Users\\Admin\\Zotero\\storage\\9SME56JS\\Monzel et al. - 2022 - Aphantasia, dysikonesia, anauralia call for a sin.pdf;C\:\\Users\\Admin\\Zotero\\storage\\C5I3AEY8\\S0010945222000417.html},
}

@Article{pearsonHumanImaginationCognitive2019,
  title = {The Human Imagination: The Cognitive Neuroscience of Visual Mental Imagery},
  shorttitle = {The Human Imagination},
  author = {Joel Pearson},
  date = {2019-10},
  journaltitle = {Nature Reviews Neuroscience},
  shortjournal = {Nat Rev Neurosci},
  volume = {20},
  number = {10},
  pages = {624--634},
  publisher = {{Nature Publishing Group}},
  issn = {1471-0048},
  doi = {10.1038/s41583-019-0202-9},
  url = {https://www.nature.com/articles/s41583-019-0202-9},
  urldate = {2022-09-16},
  issue = {10},
  langid = {english},
  keywords = {A lire,Accès libre,Condition - Hyperphantasia,Imagery - Visual,Model - Predictive processing},
  file = {C\:\\Users\\Admin\\Zotero\\storage\\BJRFJJ5W\\Pearson - 2019 - The human imagination the cognitive neuroscience .pdf;C\:\\Users\\Admin\\Zotero\\storage\\Z4SHVXQE\\s41583-019-0202-9.html},
}

@Article{monzelAphantasiaDysikonesiaAnauralia2022,
  title = {Aphantasia, Dysikonesia, Anauralia: Call for a Single Term for the Lack of Mental Imagery–{{Commentary}} on {{Dance}} et~al. (2021) and {{Hinwar}} and {{Lambert}} (2021)},
  shorttitle = {Aphantasia, Dysikonesia, Anauralia},
  author = {Merlin Monzel and David Mitchell and Fiona Macpherson and Joel Pearson and Adam Zeman},
  date = {2022-02-10},
  journaltitle = {Cortex},
  shortjournal = {Cortex},
  volume = {150},
  pages = {149--152},
  issn = {0010-9452},
  doi = {10.1016/j.cortex.2022.02.002},
  url = {https://www.sciencedirect.com/science/article/pii/S0010945222000417},
  urldate = {2022-09-13},
  langid = {english},
  keywords = {Accès libre,Correlates - Prevalence,Imagery - Auditory,Imagery - Multi-sensory,Imagery - Visual,Lus - Abstract/travers,Lus - Complet,Nomenclature},
  file = {C\:\\Users\\Admin\\Zotero\\storage\\SWV2XGI5\\Monzel et al. - 2022 - Aphantasia, dysikonesia, anauralia call for a sin.pdf;C\:\\Users\\Admin\\Zotero\\storage\\RIAVFPKZ\\S0010945222000417.html},
}

@Article{pearsonHumanImaginationCognitive2019,
  title = {The Human Imagination: The Cognitive Neuroscience of Visual Mental Imagery},
  shorttitle = {The Human Imagination},
  author = {Joel Pearson},
  date = {2019-10},
  journaltitle = {Nature Reviews Neuroscience},
  shortjournal = {Nat Rev Neurosci},
  volume = {20},
  number = {10},
  pages = {624--634},
  publisher = {{Nature Publishing Group}},
  issn = {1471-0048},
  doi = {10.1038/s41583-019-0202-9},
  url = {https://www.nature.com/articles/s41583-019-0202-9},
  urldate = {2022-09-16},
  issue = {10},
  langid = {english},
  keywords = {A lire,Accès libre,Condition - Hyperphantasia,Imagery - Visual,Model - Predictive processing},
  file = {C\:\\Users\\Admin\\Zotero\\storage\\6W2NZFJ8\\Pearson - 2019 - The human imagination the cognitive neuroscience .pdf;C\:\\Users\\Admin\\Zotero\\storage\\3T4BXUVQ\\s41583-019-0202-9.html},
}
@Article{zemanLivesImageryCongenital2015,
  title = {Lives without Imagery – {{Congenital}} Aphantasia},
  author = {Adam Zeman and Michaela Dewar and Sergio {Della Sala}},
  date = {2015-12},
  journaltitle = {Cortex},
  shortjournal = {Cortex},
  volume = {73},
  pages = {378--380},
  issn = {00109452},
  doi = {10.1016/j.cortex.2015.05.019},
  url = {https://linkinghub.elsevier.com/retrieve/pii/S0010945215001781},
  urldate = {2022-10-06},
  langid = {english},
  file = {C\:\\Users\\Admin\\Zotero\\storage\\N8H7QES6\\Zeman et al. - 2015 - Lives without imagery – Congenital aphantasia.pdf},
}

@Article{zemanLivesImageryCongenital2015,
  title = {Lives without Imagery – {{Congenital}} Aphantasia},
  author = {Adam Zeman and Michaela Dewar and Sergio {Della Sala}},
  date = {2015-12},
  journaltitle = {Cortex},
  shortjournal = {Cortex},
  volume = {73},
  pages = {378--380},
  issn = {00109452},
  doi = {10.1016/j.cortex.2015.05.019},
  url = {https://linkinghub.elsevier.com/retrieve/pii/S0010945215001781},
  urldate = {2022-10-06},
  langid = {english},
  file = {C\:\\Users\\Admin\\Zotero\\storage\\5GRGPSF7\\Zeman et al. - 2015 - Lives without imagery – Congenital aphantasia.pdf},
}

@Article{greenbergRoleVisualImagery2014,
  title = {The Role of Visual Imagery in Autobiographical Memory},
  author = {Daniel L. Greenberg and Barbara J. Knowlton},
  date = {2014-08},
  journaltitle = {Memory \& Cognition},
  shortjournal = {Mem Cogn},
  volume = {42},
  number = {6},
  pages = {922--934},
  issn = {0090-502X, 1532-5946},
  doi = {10.3758/s13421-014-0402-5},
  url = {https://link.springer.com/10.3758/s13421-014-0402-5},
  urldate = {2022-11-06},
  langid = {english},
  file = {C\:\\Users\\Admin\\Zotero\\storage\\UTR6V6YK\\Greenberg et Knowlton - 2014 - The role of visual imagery in autobiographical mem.pdf},
}

@Article{greenbergRoleVisualImagery2014,
  title = {The Role of Visual Imagery in Autobiographical Memory},
  author = {Daniel L. Greenberg and Barbara J. Knowlton},
  date = {2014-08},
  journaltitle = {Memory \& Cognition},
  shortjournal = {Mem Cogn},
  volume = {42},
  number = {6},
  pages = {922--934},
  issn = {0090-502X, 1532-5946},
  doi = {10.3758/s13421-014-0402-5},
  url = {https://link.springer.com/10.3758/s13421-014-0402-5},
  urldate = {2022-11-06},
  langid = {english},
  file = {C\:\\Users\\Admin\\Zotero\\storage\\XFZB9P9A\\Greenberg et Knowlton - 2014 - The role of visual imagery in autobiographical mem.pdf},
}
@Article{pearsonHumanImaginationCognitive2019,
  title = {The Human Imagination: The Cognitive Neuroscience of Visual Mental Imagery},
  shorttitle = {The Human Imagination},
  author = {Joel Pearson},
  date = {2019-10},
  journaltitle = {Nature Reviews Neuroscience},
  shortjournal = {Nat Rev Neurosci},
  volume = {20},
  number = {10},
  pages = {624--634},
  publisher = {{Nature Publishing Group}},
  issn = {1471-0048},
  doi = {10.1038/s41583-019-0202-9},
  url = {https://www.nature.com/articles/s41583-019-0202-9},
  urldate = {2022-09-16},
  issue = {10},
  langid = {english},
  keywords = {A lire,Accès libre,Condition - Hyperphantasia,Imagery - Visual,Model - Predictive processing},
  file = {C\:\\Users\\Admin\\Zotero\\storage\\BJRFJJ5W\\Pearson - 2019 - The human imagination the cognitive neuroscience .pdf;C\:\\Users\\Admin\\Zotero\\storage\\Z4SHVXQE\\s41583-019-0202-9.html},
}

@Article{pearsonHumanImaginationCognitive2019,
  title = {The Human Imagination: The Cognitive Neuroscience of Visual Mental Imagery},
  shorttitle = {The Human Imagination},
  author = {Joel Pearson},
  date = {2019-10},
  journaltitle = {Nature Reviews Neuroscience},
  shortjournal = {Nat Rev Neurosci},
  volume = {20},
  number = {10},
  pages = {624--634},
  publisher = {{Nature Publishing Group}},
  issn = {1471-0048},
  doi = {10.1038/s41583-019-0202-9},
  url = {https://www.nature.com/articles/s41583-019-0202-9},
  urldate = {2022-09-16},
  issue = {10},
  langid = {english},
  keywords = {A lire,Accès libre,Condition - Hyperphantasia,Imagery - Visual,Model - Predictive processing},
  file = {C\:\\Users\\Admin\\Zotero\\storage\\6W2NZFJ8\\Pearson - 2019 - The human imagination the cognitive neuroscience .pdf;C\:\\Users\\Admin\\Zotero\\storage\\3T4BXUVQ\\s41583-019-0202-9.html},
}
@Article{galtonSTATISTICSMENTALIMAGERY1880,
  title = {I.—{{STATISTICS OF MENTAL IMAGERY}}},
  author = {Francis Galton},
  date = {1880-07-01},
  journaltitle = {Mind},
  shortjournal = {Mind},
  volume = {os-V},
  number = {19},
  pages = {301--318},
  issn = {0026-4423},
  doi = {10.1093/mind/os-V.19.301},
  url = {https://doi.org/10.1093/mind/os-V.19.301},
  urldate = {2022-11-05},
  file = {C\:\\Users\\Admin\\Zotero\\storage\\MAFX5HRS\\GALTON - 1880 - I.—STATISTICS OF MENTAL IMAGERY.pdf;C\:\\Users\\Admin\\Zotero\\storage\\843MU48R\\2848572.html},
}

@Article{galtonSTATISTICSMENTALIMAGERY1880,
  title = {I.—{{STATISTICS OF MENTAL IMAGERY}}},
  author = {Francis Galton},
  date = {1880-07-01},
  journaltitle = {Mind},
  shortjournal = {Mind},
  volume = {os-V},
  number = {19},
  pages = {301--318},
  issn = {0026-4423},
  doi = {10.1093/mind/os-V.19.301},
  url = {https://doi.org/10.1093/mind/os-V.19.301},
  urldate = {2022-11-05},
  file = {C\:\\Users\\Admin\\Zotero\\storage\\6WGFGVN9\\GALTON - 1880 - I.—STATISTICS OF MENTAL IMAGERY.pdf;C\:\\Users\\Admin\\Zotero\\storage\\EQ8KRTUD\\2848572.html},
}
@Article{kosslynCognitiveNeuroscienceMental1995,
  title = {The Cognitive Neuroscience of Mental Imagery},
  author = {S. M. Kosslyn and M. Behrmann and M. Jeannerod},
  date = {1995-11-01},
  journaltitle = {Neuropsychologia},
  shortjournal = {Neuropsychologia},
  series = {The {{Neuropsychology}} of {{Mental Imagery}}},
  volume = {33},
  number = {11},
  pages = {1335--1344},
  issn = {0028-3932},
  doi = {10.1016/0028-3932(95)00067-D},
  url = {https://www.sciencedirect.com/science/article/pii/002839329500067D},
  urldate = {2022-10-06},
  langid = {english},
  file = {C\:\\Users\\Admin\\Zotero\\storage\\9ITLBC9W\\Kosslyn et al. - 1995 - The cognitive neuroscience of mental imagery.pdf;C\:\\Users\\Admin\\Zotero\\storage\\LBYR3NAP\\002839329500067D.html},
}

@Article{pylyshynMentalImagerySearch2002,
  title = {Mental Imagery: {{In}} Search of a Theory},
  shorttitle = {Mental Imagery},
  author = {Zenon W. Pylyshyn},
  date = {2002-04},
  journaltitle = {Behavioral and Brain Sciences},
  shortjournal = {Behav Brain Sci},
  volume = {25},
  number = {2},
  pages = {157--182},
  issn = {0140-525X, 1469-1825},
  doi = {10.1017/S0140525X02000043},
  url = {https://www.cambridge.org/core/product/identifier/S0140525X02000043/type/journal_article},
  urldate = {2022-09-16},
  langid = {english},
  keywords = {A lire,Accès libre,Imagery - Visual},
  file = {C\:\\Users\\Admin\\Zotero\\storage\\RITE32KZ\\Pylyshyn - 2002 - Mental imagery In search of a theory.pdf},
}

@Article{reisbergIntuitionsIntrospectionsImagery2002,
  title = {Intuitions and Introspections about Imagery: The Role of Imagery Experience in Shaping an Investigator's Theoretical Views},
  shorttitle = {Intuitions and Introspections about Imagery},
  author = {Daniel Reisberg and David G. Pearson and Stephen M. Kosslyn},
  date = {2002-11-21},
  journaltitle = {Applied Cognitive Psychology},
  shortjournal = {Appl. Cognit. Psychol.},
  volume = {17},
  number = {2},
  pages = {147--160},
  issn = {0888-4080, 1099-0720},
  doi = {10.1002/acp.858},
  url = {https://onlinelibrary.wiley.com/doi/10.1002/acp.858},
  urldate = {2022-09-16},
  langid = {english},
  keywords = {A lire,Accès libre,Imagery - Visual,Methodo - Questionnaires},
  file = {C\:\\Users\\Admin\\Zotero\\storage\\5W66WGRP\\Reisberg et al. - 2003 - Intuitions and introspections about imagery the r.pdf},
}

@Article{kosslynCognitiveNeuroscienceMental1995,
  title = {The Cognitive Neuroscience of Mental Imagery},
  author = {S. M. Kosslyn and M. Behrmann and M. Jeannerod},
  date = {1995-11-01},
  journaltitle = {Neuropsychologia},
  shortjournal = {Neuropsychologia},
  series = {The {{Neuropsychology}} of {{Mental Imagery}}},
  volume = {33},
  number = {11},
  pages = {1335--1344},
  issn = {0028-3932},
  doi = {10.1016/0028-3932(95)00067-D},
  url = {https://www.sciencedirect.com/science/article/pii/002839329500067D},
  urldate = {2022-10-06},
  langid = {english},
  file = {C\:\\Users\\Admin\\Zotero\\storage\\7YQVESQ6\\Kosslyn et al. - 1995 - The cognitive neuroscience of mental imagery.pdf;C\:\\Users\\Admin\\Zotero\\storage\\6UHVCXX7\\002839329500067D.html},
}

@Article{pylyshynMentalImagerySearch2002,
  title = {Mental Imagery: {{In}} Search of a Theory},
  shorttitle = {Mental Imagery},
  author = {Zenon W. Pylyshyn},
  date = {2002-04},
  journaltitle = {Behavioral and Brain Sciences},
  shortjournal = {Behav Brain Sci},
  volume = {25},
  number = {2},
  pages = {157--182},
  issn = {0140-525X, 1469-1825},
  doi = {10.1017/S0140525X02000043},
  url = {https://www.cambridge.org/core/product/identifier/S0140525X02000043/type/journal_article},
  urldate = {2022-09-16},
  langid = {english},
  keywords = {A lire,Accès libre,Imagery - Visual},
  file = {C\:\\Users\\Admin\\Zotero\\storage\\8SKI6M33\\Pylyshyn - 2002 - Mental imagery In search of a theory.pdf},
}

@Article{reisbergIntuitionsIntrospectionsImagery2002,
  title = {Intuitions and Introspections about Imagery: The Role of Imagery Experience in Shaping an Investigator's Theoretical Views},
  shorttitle = {Intuitions and Introspections about Imagery},
  author = {Daniel Reisberg and David G. Pearson and Stephen M. Kosslyn},
  date = {2002-11-21},
  journaltitle = {Applied Cognitive Psychology},
  shortjournal = {Appl. Cognit. Psychol.},
  volume = {17},
  number = {2},
  pages = {147--160},
  issn = {0888-4080, 1099-0720},
  doi = {10.1002/acp.858},
  url = {https://onlinelibrary.wiley.com/doi/10.1002/acp.858},
  urldate = {2022-09-16},
  langid = {english},
  keywords = {A lire,Accès libre,Imagery - Visual,Methodo - Questionnaires},
  file = {C\:\\Users\\Admin\\Zotero\\storage\\WZ4K9I2J\\Reisberg et al. - 2003 - Intuitions and introspections about imagery the r.pdf},
}
@Article{fawConflictingIntuitionsMay2009,
  title = {Conflicting {{Intuitions May Be Based On Differing Abilities}}},
  author = {Bill Faw},
  date = {2009},
  pages = {25},
  langid = {english},
  file = {C\:\\Users\\Admin\\Zotero\\storage\\L4GXDW6H\\Faw - Conflicting Intuitions May Be Based On Differing A.pdf},
}

@Article{fawConflictingIntuitionsMay2009,
  title = {Conflicting {{Intuitions May Be Based On Differing Abilities}}},
  author = {Bill Faw},
  date = {2009},
  pages = {25},
  langid = {english},
  file = {C\:\\Users\\Admin\\Zotero\\storage\\27CITEIU\\Faw - Conflicting Intuitions May Be Based On Differing A.pdf},
}
@Article{zemanLossImageryPhenomenology2010,
  title = {Loss of Imagery Phenomenology with Intact Visuo-Spatial Task Performance: {{A}} Case of ‘Blind Imagination’},
  shorttitle = {Loss of Imagery Phenomenology with Intact Visuo-Spatial Task Performance},
  author = {Adam Z.J. Zeman and Sergio {Della Sala} and Lorna A. Torrens and Viktoria-Eleni Gountouna and David J. McGonigle and Robert H. Logie},
  date = {2010-01},
  journaltitle = {Neuropsychologia},
  shortjournal = {Neuropsychologia},
  volume = {48},
  number = {1},
  pages = {145--155},
  issn = {00283932},
  doi = {10.1016/j.neuropsychologia.2009.08.024},
  url = {https://linkinghub.elsevier.com/retrieve/pii/S0028393209003418},
  urldate = {2022-10-06},
  langid = {english},
  file = {C\:\\Users\\Admin\\Zotero\\storage\\3VGX79FE\\Zeman et al. - 2010 - Loss of imagery phenomenology with intact visuo-sp.pdf},
}

@Article{zemanLossImageryPhenomenology2010,
  title = {Loss of Imagery Phenomenology with Intact Visuo-Spatial Task Performance: {{A}} Case of ‘Blind Imagination’},
  shorttitle = {Loss of Imagery Phenomenology with Intact Visuo-Spatial Task Performance},
  author = {Adam Z.J. Zeman and Sergio {Della Sala} and Lorna A. Torrens and Viktoria-Eleni Gountouna and David J. McGonigle and Robert H. Logie},
  date = {2010-01},
  journaltitle = {Neuropsychologia},
  shortjournal = {Neuropsychologia},
  volume = {48},
  number = {1},
  pages = {145--155},
  issn = {00283932},
  doi = {10.1016/j.neuropsychologia.2009.08.024},
  url = {https://linkinghub.elsevier.com/retrieve/pii/S0028393209003418},
  urldate = {2022-10-06},
  langid = {english},
  file = {C\:\\Users\\Admin\\Zotero\\storage\\UW5777LB\\Zeman et al. - 2010 - Loss of imagery phenomenology with intact visuo-sp.pdf},
}
@Online{zimmerBrainLookDeep2010,
  title = {The {{Brain}}: {{Look Deep Into}} the {{Mind}}'s {{Eye}}},
  shorttitle = {The {{Brain}}: {{Look Deep Into}} the {{Mind}}'s {{Eye}}},
  author = {Carl Zimmer},
  date = {2010-03-23},
  url = {https://www.discovermagazine.com/mind/the-brain-look-deep-into-the-minds-eye},
  urldate = {2022-10-06},
  langid = {english},
  organization = {{Discover Magazine}},
  file = {C\:\\Users\\Admin\\Zotero\\storage\\ZRUV76TE\\the-brain-look-deep-into-the-minds-eye.html},
}

@Online{zimmerBrainLookDeep2010,
  title = {The {{Brain}}: {{Look Deep Into}} the {{Mind}}'s {{Eye}}},
  shorttitle = {The {{Brain}}: {{Look Deep Into}} the {{Mind}}'s {{Eye}}},
  author = {Carl Zimmer},
  date = {2010-03-23},
  url = {https://www.discovermagazine.com/mind/the-brain-look-deep-into-the-minds-eye},
  urldate = {2022-10-06},
  langid = {english},
  organization = {{Discover Magazine}},
  file = {C\:\\Users\\Admin\\Zotero\\storage\\2W6D34WA\\the-brain-look-deep-into-the-minds-eye.html},
}
@Article{dancePrevalenceAphantasiaImagery2022,
  title = {The Prevalence of Aphantasia (Imagery Weakness) in the General Population},
  author = {C. J. Dance and A. Ipser and J. Simner},
  date = {2022-01-01},
  journaltitle = {Consciousness and Cognition},
  shortjournal = {Consciousness and Cognition},
  volume = {97},
  pages = {103243},
  issn = {1053-8100},
  doi = {10.1016/j.concog.2021.103243},
  url = {https://www.sciencedirect.com/science/article/pii/S1053810021001690},
  urldate = {2022-09-13},
  langid = {english},
  keywords = {Accès libre,Correlates - Prevalence,Imagery - Visual,Lus - Abstract/travers,Lus - Complet,Methodo - Questionnaires},
  file = {C\:\\Users\\Admin\\Zotero\\storage\\DK3YZJRI\\Dance et al. - 2022 - The prevalence of aphantasia (imagery weakness) in.pdf;C\:\\Users\\Admin\\Zotero\\storage\\WQGFYL7X\\S1053810021001690.html},
}

@Article{dancePrevalenceAphantasiaImagery2022,
  title = {The Prevalence of Aphantasia (Imagery Weakness) in the General Population},
  author = {C. J. Dance and A. Ipser and J. Simner},
  date = {2022-01-01},
  journaltitle = {Consciousness and Cognition},
  shortjournal = {Consciousness and Cognition},
  volume = {97},
  pages = {103243},
  issn = {1053-8100},
  doi = {10.1016/j.concog.2021.103243},
  url = {https://www.sciencedirect.com/science/article/pii/S1053810021001690},
  urldate = {2022-09-13},
  langid = {english},
  keywords = {Accès libre,Correlates - Prevalence,Imagery - Visual,Lus - Abstract/travers,Lus - Complet,Methodo - Questionnaires},
  file = {C\:\\Users\\Admin\\Zotero\\storage\\CYYVH2RT\\Dance et al. - 2022 - The prevalence of aphantasia (imagery weakness) in.pdf;C\:\\Users\\Admin\\Zotero\\storage\\PLPSN56T\\S1053810021001690.html},
}
@Article{dawesCognitiveProfileMultisensory2020,
  title = {A Cognitive Profile of Multi-Sensory Imagery, Memory and Dreaming in Aphantasia},
  author = {Alexei J. Dawes and Rebecca Keogh and Thomas Andrillon and Joel Pearson},
  date = {2020-06-22},
  journaltitle = {Scientific Reports},
  shortjournal = {Sci Rep},
  volume = {10},
  number = {1},
  pages = {10022},
  publisher = {{Nature Publishing Group}},
  issn = {2045-2322},
  doi = {10.1038/s41598-020-65705-7},
  url = {https://www.nature.com/articles/s41598-020-65705-7},
  urldate = {2022-09-21},
  issue = {1},
  langid = {english},
  keywords = {A lire,Accès libre,Correlates - Dreams,Imagery - Auditory,Imagery - Multi-sensory},
  file = {C\:\\Users\\Admin\\Zotero\\storage\\VLHCXUUL\\Dawes et al. - 2020 - A cognitive profile of multi-sensory imagery, memo.pdf;C\:\\Users\\Admin\\Zotero\\storage\\N443S6IU\\s41598-020-65705-7.html},
}

@Article{dawesCognitiveProfileMultisensory2020,
  title = {A Cognitive Profile of Multi-Sensory Imagery, Memory and Dreaming in Aphantasia},
  author = {Alexei J. Dawes and Rebecca Keogh and Thomas Andrillon and Joel Pearson},
  date = {2020-06-22},
  journaltitle = {Scientific Reports},
  shortjournal = {Sci Rep},
  volume = {10},
  number = {1},
  pages = {10022},
  publisher = {{Nature Publishing Group}},
  issn = {2045-2322},
  doi = {10.1038/s41598-020-65705-7},
  url = {https://www.nature.com/articles/s41598-020-65705-7},
  urldate = {2022-09-21},
  issue = {1},
  langid = {english},
  keywords = {A lire,Accès libre,Correlates - Dreams,Imagery - Auditory,Imagery - Multi-sensory},
  file = {C\:\\Users\\Admin\\Zotero\\storage\\UTJWLJ3B\\Dawes et al. - 2020 - A cognitive profile of multi-sensory imagery, memo.pdf;C\:\\Users\\Admin\\Zotero\\storage\\442LRU2C\\s41598-020-65705-7.html},
}
@Article{palermoCongenitalLackExtraordinary2022,
  title = {Congenital Lack and Extraordinary Ability in Object and Spatial Imagery: {{An}} Investigation on Sub-Types of Aphantasia and Hyperphantasia},
  shorttitle = {Congenital Lack and Extraordinary Ability in Object and Spatial Imagery},
  author = {Liana Palermo and Maddalena Boccia and Laura Piccardi and Raffaella Nori},
  date = {2022-08-01},
  journaltitle = {Consciousness and Cognition},
  shortjournal = {Consciousness and Cognition},
  volume = {103},
  pages = {103360},
  issn = {1053-8100},
  doi = {10.1016/j.concog.2022.103360},
  url = {https://www.sciencedirect.com/science/article/pii/S1053810022000927},
  urldate = {2022-09-13},
  langid = {english},
  keywords = {Accès libre,Condition - Hyperphantasia,Correlates - Face Recognition,Correlates - Future prediction,Correlates - Memory - Episodic/Autobio,Correlates - Object/Spatial difference,Correlates - Spatial/Mental rotation,Correlates - Voluntary/Involuntary,Imagery - Visual,Lus - Abstract/travers,Lus - Complet},
  file = {C\:\\Users\\Admin\\Zotero\\storage\\VXQPZQK6\\Palermo et al. - 2022 - Congenital lack and extraordinary ability in objec.pdf;C\:\\Users\\Admin\\Zotero\\storage\\M5E4LD6H\\S1053810022000927.html},
}

@Article{palermoCongenitalLackExtraordinary2022,
  title = {Congenital Lack and Extraordinary Ability in Object and Spatial Imagery: {{An}} Investigation on Sub-Types of Aphantasia and Hyperphantasia},
  shorttitle = {Congenital Lack and Extraordinary Ability in Object and Spatial Imagery},
  author = {Liana Palermo and Maddalena Boccia and Laura Piccardi and Raffaella Nori},
  date = {2022-08-01},
  journaltitle = {Consciousness and Cognition},
  shortjournal = {Consciousness and Cognition},
  volume = {103},
  pages = {103360},
  issn = {1053-8100},
  doi = {10.1016/j.concog.2022.103360},
  url = {https://www.sciencedirect.com/science/article/pii/S1053810022000927},
  urldate = {2022-09-13},
  langid = {english},
  keywords = {Accès libre,Condition - Hyperphantasia,Correlates - Face Recognition,Correlates - Future prediction,Correlates - Memory - Episodic/Autobio,Correlates - Object/Spatial difference,Correlates - Spatial/Mental rotation,Correlates - Voluntary/Involuntary,Imagery - Visual,Lus - Abstract/travers,Lus - Complet},
  file = {C\:\\Users\\Admin\\Zotero\\storage\\PBIZ6EII\\Palermo et al. - 2022 - Congenital lack and extraordinary ability in objec.pdf;C\:\\Users\\Admin\\Zotero\\storage\\IUNGEVCJ\\S1053810022000927.html},
}
@Misc{takahashiDiversityAphantasiaRevealed2022,
  title = {Diversity of Aphantasia Revealed by Multiple Assessments of the Capability for Multi-Sensory Imagery},
  author = {Junichi Takahashi and Godai Saito and Kazufumi Omura and Daichi Yasunaga and Shinichiro Sugimura and Shuichi Sakamoto and Tomoyasu Horikawa and Jiro Gyoba},
  date = {2022-05-24},
  publisher = {{PsyArXiv}},
  doi = {10.31234/osf.io/pucsm},
  url = {https://psyarxiv.com/pucsm/},
  urldate = {2022-09-13},
  langid = {american},
  keywords = {Accès libre,Correlates - Prevalence,Imagery - Multi-sensory,Imagery - Visual,Lus - Abstract/travers,Lus - Complet,Methodo - New,Methodo - Questionnaires},
  file = {C\:\\Users\\Admin\\Zotero\\storage\\KSQ66M23\\Takahashi et al. - 2022 - Diversity of aphantasia revealed by multiple asses.pdf},
}

@Misc{takahashiDiversityAphantasiaRevealed2022,
  title = {Diversity of Aphantasia Revealed by Multiple Assessments of the Capability for Multi-Sensory Imagery},
  author = {Junichi Takahashi and Godai Saito and Kazufumi Omura and Daichi Yasunaga and Shinichiro Sugimura and Shuichi Sakamoto and Tomoyasu Horikawa and Jiro Gyoba},
  date = {2022-05-24},
  publisher = {{PsyArXiv}},
  doi = {10.31234/osf.io/pucsm},
  url = {https://psyarxiv.com/pucsm/},
  urldate = {2022-09-13},
  langid = {american},
  keywords = {Accès libre,Correlates - Prevalence,Imagery - Multi-sensory,Imagery - Visual,Lus - Abstract/travers,Lus - Complet,Methodo - New,Methodo - Questionnaires},
  file = {C\:\\Users\\Admin\\Zotero\\storage\\2E2RX6NV\\Takahashi et al. - 2022 - Diversity of aphantasia revealed by multiple asses.pdf},
}
@Article{zemanPhantasiaPsychologicalSignificance2020,
  title = {Phantasia–{{The}} Psychological Significance of Lifelong Visual Imagery Vividness Extremes},
  author = {Adam Zeman and Fraser Milton and Sergio {Della Sala} and Michaela Dewar and Timothy Frayling and James Gaddum and Andrew Hattersley and Brittany Heuerman-Williamson and Kealan Jones and Matthew MacKisack and Crawford Winlove},
  date = {2020-04-01},
  journaltitle = {Cortex},
  shortjournal = {Cortex},
  volume = {130},
  pages = {426--440},
  issn = {0010-9452},
  doi = {10.1016/j.cortex.2020.04.003},
  url = {https://www.sciencedirect.com/science/article/pii/S0010945220301404},
  urldate = {2022-09-13},
  langid = {english},
  keywords = {Accès libre,Benefits,Condition - Hyperphantasia,Correlates - Dreams,Imagery - Auditory,Imagery - Multi-sensory,Life - Arts and creativity,Life - Arts vs STEM,Lus - Abstract/travers,Lus - Complet,Methodo - Large-scale},
  file = {C\:\\Users\\Admin\\Zotero\\storage\\4SW49ANN\\Zeman et al. - 2020 - Phantasia–The psychological significance of lifelo.pdf;C\:\\Users\\Admin\\Zotero\\storage\\4TN6UGWK\\S0010945220301404.html},
}

@Article{zemanPhantasiaPsychologicalSignificance2020,
  title = {Phantasia–{{The}} Psychological Significance of Lifelong Visual Imagery Vividness Extremes},
  author = {Adam Zeman and Fraser Milton and Sergio {Della Sala} and Michaela Dewar and Timothy Frayling and James Gaddum and Andrew Hattersley and Brittany Heuerman-Williamson and Kealan Jones and Matthew MacKisack and Crawford Winlove},
  date = {2020-04-01},
  journaltitle = {Cortex},
  shortjournal = {Cortex},
  volume = {130},
  pages = {426--440},
  issn = {0010-9452},
  doi = {10.1016/j.cortex.2020.04.003},
  url = {https://www.sciencedirect.com/science/article/pii/S0010945220301404},
  urldate = {2022-09-13},
  langid = {english},
  keywords = {Accès libre,Benefits,Condition - Hyperphantasia,Correlates - Dreams,Imagery - Auditory,Imagery - Multi-sensory,Life - Arts and creativity,Life - Arts vs STEM,Lus - Abstract/travers,Lus - Complet,Methodo - Large-scale},
  file = {C\:\\Users\\Admin\\Zotero\\storage\\ZX8I2JKV\\Zeman et al. - 2020 - Phantasia–The psychological significance of lifelo.pdf;C\:\\Users\\Admin\\Zotero\\storage\\8634S3BS\\S0010945220301404.html},
}
@Article{miltonBehavioralNeuralSignatures2021,
  title = {Behavioral and {{Neural Signatures}} of {{Visual Imagery Vividness Extremes}}: {{Aphantasia}} versus {{Hyperphantasia}}},
  shorttitle = {Behavioral and {{Neural Signatures}} of {{Visual Imagery Vividness Extremes}}},
  author = {Fraser Milton and Jon Fulford and Carla Dance and James Gaddum and Brittany Heuerman-Williamson and Kealan Jones and Kathryn F Knight and Matthew MacKisack and Crawford Winlove and Adam Zeman},
  date = {2021-04-20},
  journaltitle = {Cerebral Cortex Communications},
  shortjournal = {Cereb Cortex Commun},
  volume = {2},
  number = {2},
  eprint = {34296179},
  eprinttype = {pmid},
  pages = {tgab035},
  issn = {2632-7376},
  doi = {10.1093/texcom/tgab035},
  url = {https://www.ncbi.nlm.nih.gov/pmc/articles/PMC8186241/},
  urldate = {2022-09-13},
  pmcid = {PMC8186241},
  keywords = {Accès libre,Benefits,Condition - Hyperphantasia,Lus - Abstract/travers},
  file = {C\:\\Users\\Admin\\Zotero\\storage\\5BE446TV\\Milton et al. - 2021 - Behavioral and Neural Signatures of Visual Imagery.pdf},
}
@Article{watkinsPhantasiaSeverelyDeficient2018,
  title = {({{A}})Phantasia and Severely Deficient Autobiographical Memory: {{Scientific}} and Personal Perspectives},
  shorttitle = {({{A}})Phantasia and Severely Deficient Autobiographical Memory},
  author = {Nicholas W. Watkins},
  date = {2018-08-01},
  journaltitle = {Cortex},
  shortjournal = {Cortex},
  series = {The {{Eye}}'s {{Mind}} - Visual Imagination, Neuroscience and the Humanities},
  volume = {105},
  pages = {41--52},
  issn = {0010-9452},
  doi = {10.1016/j.cortex.2017.10.010},
  url = {https://www.sciencedirect.com/science/article/pii/S0010945217303568},
  urldate = {2022-09-13},
  langid = {english},
  keywords = {A lire,Accès libre},
  file = {C\:\\Users\\Admin\\Zotero\\storage\\FFSHTNL6\\Watkins - 2018 - (A)phantasia and severely deficient autobiographic.pdf;C\:\\Users\\Admin\\Zotero\\storage\\P859M4SG\\S0010945217303568.html},
}
@Thesis{dawesInnerVisionsMind2022,
  title = {Inner Visions of the Mind’s Eye: {{The}} Role of Visual Imagery in Remembering the Past and Imagining the Future},
  shorttitle = {Inner Visions of the Mind’s Eye},
  author = {Alexei Dawes},
  date = {2022-06-28},
  institution = {{UNSW Sydney}},
  doi = {10.26190/UNSWORKS/24158},
  url = {http://hdl.handle.net/1959.4/100451},
  urldate = {2022-09-13},
  editora = {UNSW Sydney},
  editoratype = {collaborator},
  langid = {english},
  keywords = {Accès libre,Correlates - Future prediction,Correlates - Memory - Episodic/Autobio,Drawbacks,Format - Thèse,Imagery - Visual,Lus - Abstract/travers,Lus - Complet,Methodo - Behavioral,Methodo - New,Methodo - Questionnaires},
  file = {C\:\\Users\\Admin\\Zotero\\storage\\ZHIKQULN\\Dawes - 2022 - Inner visions of the mind’s eye The role of visua.pdf},
}
@Article{keoghAttentionDrivenPhantom2020,
  title = {Attention Driven Phantom Vision: Measuring the Sensory Strength of Attentional Templates and Their Relation to Visual Mental Imagery and Aphantasia},
  shorttitle = {Attention Driven Phantom Vision},
  author = {Rebecca Keogh and Joel Pearson},
  date = {2020-10-10},
  journaltitle = {Philosophical Transactions of the Royal Society B: Biological Sciences},
  volume = {376},
  number = {1817},
  pages = {20190688},
  publisher = {{Royal Society}},
  doi = {10.1098/rstb.2019.0688},
  url = {https://royalsocietypublishing.org/doi/full/10.1098/rstb.2019.0688},
  urldate = {2022-05-03},
  keywords = {A lire,Accès libre,Correlates - Attention},
  file = {C\:\\Users\\Admin\\Zotero\\storage\\UC94585R\\Keogh et Pearson - 2021 - Attention driven phantom vision measuring the sen.pdf},
}

@Article{keoghBlindMindNo2018,
  title = {The Blind Mind: {{No}} Sensory Visual Imagery in Aphantasia},
  shorttitle = {The Blind Mind},
  author = {Rebecca Keogh and Joel Pearson},
  date = {2018-08-01},
  journaltitle = {Cortex},
  shortjournal = {Cortex},
  series = {The {{Eye}}'s {{Mind}} - Visual Imagination, Neuroscience and the Humanities},
  volume = {105},
  pages = {53--60},
  issn = {0010-9452},
  doi = {10.1016/j.cortex.2017.10.012},
  url = {https://www.sciencedirect.com/science/article/pii/S0010945217303581},
  urldate = {2022-09-21},
  langid = {english},
  keywords = {A lire,Accès libre,Correlates - Object/Spatial difference,Methodo - Questionnaires},
  file = {C\:\\Users\\Admin\\Zotero\\storage\\MQUT7HYJ\\Keogh et Pearson - 2018 - The blind mind No sensory visual imagery in aphan.pdf;C\:\\Users\\Admin\\Zotero\\storage\\FA5XI53A\\S0010945217303581.html},
}
@Article{bainbridgeQuantifyingAphantasiaDrawing2021,
  title = {Quantifying Aphantasia through Drawing: {{Those}} without Visual Imagery Show Deficits in Object but Not Spatial Memory},
  shorttitle = {Quantifying Aphantasia through Drawing},
  author = {Wilma A. Bainbridge and Zo{\"e} Pounder and Alison F. Eardley and Chris I. Baker},
  date = {2021-02-01},
  journaltitle = {Cortex},
  shortjournal = {Cortex},
  volume = {135},
  pages = {159--172},
  issn = {0010-9452},
  doi = {10.1016/j.cortex.2020.11.014},
  url = {https://www.sciencedirect.com/science/article/pii/S0010945220304317},
  urldate = {2022-09-16},
  langid = {english},
  keywords = {A lire,Accès libre,Benefits,Correlates - Memory - Episodic/Autobio,Imagery - Visual,Life - Arts and creativity,Lus - Abstract/travers,Methodo - Questionnaires},
  file = {C\:\\Users\\Admin\\Zotero\\storage\\78BNFU4W\\Bainbridge et al. - 2021 - Quantifying aphantasia through drawing Those with.pdf;C\:\\Users\\Admin\\Zotero\\storage\\2MBQPR4N\\S0010945220304317.html},
}
@Online{danceLessSensoryOverwhelm2022,
  title = {Less {{Sensory Overwhelm In Aphantasia}}: {{A Potential Advantage}}?},
  shorttitle = {Less {{Sensory Overwhelm In Aphantasia}}},
  author = {Carla Dance},
  date = {2022-01-26},
  url = {https://aphantasia.com/sensory-overwhelm/},
  urldate = {2022-10-05},
  langid = {american},
  keywords = {Accès libre,Benefits,Correlates - Sensitivity,Imagery - Visual,Life - Emotions,Lus - Abstract/travers,Lus - Complet,Methodo - Behavioral,Methodo - Questionnaires},
  file = {C\:\\Users\\Admin\\Zotero\\storage\\HF5F6STN\\sensory-overwhelm.html},
}

@Article{danceWhatLinkMental2021,
  title = {What Is the {{Link Between Mental Imagery}} and {{Sensory Sensitivity}}? {{Insights}} from {{Aphantasia}}},
  shorttitle = {What Is the {{Link Between Mental Imagery}} and {{Sensory Sensitivity}}?},
  author = {C. J. Dance and J. Ward and J. Simner},
  date = {2021-09-01},
  journaltitle = {Perception},
  shortjournal = {Perception},
  volume = {50},
  number = {9},
  pages = {757--782},
  publisher = {{SAGE Publications Ltd STM}},
  issn = {0301-0066},
  doi = {10.1177/03010066211042186},
  url = {https://doi.org/10.1177/03010066211042186},
  urldate = {2022-10-05},
  langid = {english},
  file = {C\:\\Users\\Admin\\Zotero\\storage\\G38M4C5A\\Dance et al. - 2021 - What is the Link Between Mental Imagery and Sensor.pdf},
}
@Online{lachlanPupillaryLightResponse2022,
  title = {The Pupillary Light Response as a Physiological Index of Aphantasia, Sensory and Phenomenological Imagery Strength | {{eLife}}},
  author = {Kay Lachlan and Rebecca Keogh and Thomas Andrillion and Joel Pearson},
  date = {2022-03-31},
  url = {https://elifesciences.org/articles/72484},
  urldate = {2022-09-13},
  keywords = {Accès libre,Benefits,Imagery - Visual,Lus - Abstract/travers,Lus - Complet,Methodo - Behavioral,Methodo - New,Methodo - Physiological,Methodo - Questionnaires},
}
@Article{blomkvistAphantasiaSearchTheory2022,
  title = {Aphantasia: {{In}} Search of a Theory},
  shorttitle = {Aphantasia},
  author = {Andrea Blomkvist},
  date = {2022-05-13},
  journaltitle = {Mind \& Language},
  volume = {n/a},
  number = {n/a},
  issn = {1468-0017},
  doi = {10.1111/mila.12432},
  url = {https://onlinelibrary.wiley.com/doi/abs/10.1111/mila.12432},
  urldate = {2022-09-13},
  langid = {english},
  keywords = {Accès libre,Correlates - Future prediction,Correlates - Memory - Episodic/Autobio,Correlates - Spatial/Mental rotation,Correlates - Voluntary/Involuntary,Drawbacks,Format - Review,Imagery - Auditory,Imagery - Multi-sensory,Imagery - Visual,Lus - Abstract/travers,Lus - Complet,Model - New},
  annotation = {\_eprint: https://onlinelibrary.wiley.com/doi/pdf/10.1111/mila.12432},
  file = {C\:\\Users\\Admin\\Zotero\\storage\\PSIU36C5\\Blomkvist - Aphantasia In search of a theory.pdf;C\:\\Users\\Admin\\Zotero\\storage\\5IFQBGBK\\mila.html},
}

@Article{fox-muratonWorldImaginationConsequences2021,
  title = {A World without Imagination? {{Consequences}} of Aphantasia for an Existential Account of Self},
  shorttitle = {A World without Imagination?},
  author = {M{\a'e}lissa Fox-Muraton},
  date = {2021-04-03},
  journaltitle = {History of European Ideas},
  volume = {47},
  number = {3},
  pages = {414--428},
  publisher = {{Routledge}},
  issn = {0191-6599},
  doi = {10.1080/01916599.2020.1799553},
  url = {https://doi.org/10.1080/01916599.2020.1799553},
  urldate = {2022-10-08},
  keywords = {Accès libre,Drawbacks,Imagery - Visual,Life - Imagination,Lus - Abstract/travers,Methodo - Philosophy},
  annotation = {\_eprint: https://doi.org/10.1080/01916599.2020.1799553},
  file = {C\:\\Users\\Admin\\Zotero\\storage\\HXEGVNYH\\Fox-Muraton - 2021 - A world without imagination Consequences of aphan.pdf},
}
@Article{bartolomeoAssessingCausalRole2020,
  title = {Assessing the Causal Role of Early Visual Areas in Visual Mental Imagery},
  author = {Paolo Bartolomeo and Dounia Hajhajate and Jianghao Liu and Alfredo Spagna},
  date = {2020-09-21},
  journaltitle = {Nature Reviews Neuroscience},
  shortjournal = {Nat Rev Neurosci},
  volume = {21},
  number = {9},
  pages = {517--517},
  publisher = {{Nature Publishing Group}},
  issn = {1471-0048},
  doi = {10.1038/s41583-020-0348-5},
  url = {https://www.nature.com/articles/s41583-020-0348-5},
  urldate = {2022-09-16},
  issue = {9},
  langid = {english},
  keywords = {Accès libre,Imagery - Visual,Lus - Abstract/travers,Model - Predictive processing},
  file = {C\:\\Users\\Admin\\Zotero\\storage\\N3RB7YEB\\Bartolomeo et al. - 2020 - Assessing the causal role of early visual areas in.pdf;C\:\\Users\\Admin\\Zotero\\storage\\VJHANYY9\\s41583-020-0348-5.html},
}

@Article{cavedon-taylorPredictiveProcessingPerception2021,
  title = {Predictive {{Processing}} and {{Perception}}: {{What}} Does {{Imagining}} Have to Do with It?},
  author = {Dan Cavedon-Taylor},
  date = {2021-03-25},
  pages = {15},
  langid = {english},
  keywords = {Accès libre,Imagery - Visual,Lus - Abstract/travers,Lus - Complet,Methodo - Philosophy,Model - Predictive processing},
  file = {C\:\\Users\\Admin\\Zotero\\storage\\HHBLVKKQ\\Cavedon-Taylor - Predictive Processing and Perception What does Im.pdf},
}

@Article{farahCaseStudyMental1988,
  title = {A Case Study of Mental Imagery Deficit},
  author = {Martha J. Farah and David N. Levine and Ronald Calvanio},
  date = {1988-10-01},
  journaltitle = {Brain and Cognition},
  shortjournal = {Brain and Cognition},
  volume = {8},
  number = {2},
  pages = {147--164},
  issn = {0278-2626},
  doi = {10.1016/0278-2626(88)90046-2},
  url = {https://www.sciencedirect.com/science/article/pii/0278262688900462},
  urldate = {2022-09-16},
  langid = {english},
  keywords = {Accès libre,Lus - Abstract/travers,Lus - Complet,Methodo - Clinical,Model - Left cortex},
  file = {C\:\\Users\\Admin\\Zotero\\storage\\7G6ZRQ7B\\Farah et al. - 1988 - A case study of mental imagery deficit.pdf;C\:\\Users\\Admin\\Zotero\\storage\\7KLKVC46\\0278262688900462.html},
}

@InCollection{spagnaChapterVisualMental2022,
  title = {Chapter 8 - {{Visual}} Mental Imagery: {{Inside}} the Mind's Eyes},
  shorttitle = {Chapter 8 - {{Visual}} Mental Imagery},
  booktitle = {Handbook of {{Clinical Neurology}}},
  author = {Alfredo Spagna},
  editor = {Gabriele Miceli and Paolo Bartolomeo and Vincent Navarro},
  date = {2022-01-01},
  series = {The {{Temporal Lobe}}},
  volume = {187},
  pages = {145--160},
  publisher = {{Elsevier}},
  doi = {10.1016/B978-0-12-823493-8.00010-9},
  url = {https://www.sciencedirect.com/science/article/pii/B9780128234938000109},
  urldate = {2022-09-21},
  langid = {english},
  keywords = {Accès restreint,Lus - Abstract/travers,Lus - Complet,Methodo - Clinical,Methodo - Neuroimaging,Model - Left cortex},
  file = {C\:\\Users\\Admin\\Zotero\\storage\\HR44S8EX\\B9780128234938000109.html},
}

@Article{zagoCharcotBernardCase2011,
  title = {Is the {{Charcot}} and {{Bernard}} Case (1883) of Loss of Visual Imagery Really Based on Neurological Impairment?},
  author = {Stefano Zago and Nicola Allegri and Marta Cristoffanini and Roberta Ferrucci and Mauro Porta and Alberto Priori},
  date = {2011-11-01},
  journaltitle = {Cognitive Neuropsychiatry},
  volume = {16},
  number = {6},
  eprint = {21607884},
  eprinttype = {pmid},
  pages = {481--504},
  publisher = {{Routledge}},
  issn = {1354-6805},
  doi = {10.1080/13546805.2011.556024},
  url = {https://doi.org/10.1080/13546805.2011.556024},
  urldate = {2022-11-05},
  keywords = {Charcot and Bernard,Depersonalisation,Derealisation,Functional,Loss of visual imagery,Monsieur X,Organic},
  annotation = {\_eprint: https://doi.org/10.1080/13546805.2011.556024},
  file = {C\:\\Users\\Admin\\Zotero\\storage\\48DK8BEW\\Zago et al. - 2011 - Is the Charcot and Bernard case (1883) of loss of .pdf},
}
@Article{keoghVisualWorkingMemory2021,
  title = {Visual Working Memory in Aphantasia: {{Retained}} Accuracy and Capacity with a Different Strategy},
  shorttitle = {Visual Working Memory in Aphantasia},
  author = {Rebecca Keogh and Marcus Wicken and Joel Pearson},
  date = {2021-08-08},
  journaltitle = {Cortex},
  shortjournal = {Cortex},
  volume = {143},
  pages = {237--253},
  issn = {0010-9452},
  doi = {10.1016/j.cortex.2021.07.012},
  url = {https://www.sciencedirect.com/science/article/pii/S0010945221002628},
  urldate = {2022-09-13},
  langid = {english},
  keywords = {A lire,Accès libre,Correlates - Memory - Working,Methodo - Questionnaires},
  file = {C\:\\Users\\Admin\\Zotero\\storage\\QZNNCMTR\\Keogh et al. - 2021 - Visual working memory in aphantasia Retained accu.pdf;C\:\\Users\\Admin\\Zotero\\storage\\H76DK46T\\S0010945221002628.html},
}

@Article{knightMemoryImageryNo2022,
  title = {Memory without {{Imagery}}: {{No Evidence}} of {{Visual Working Memory Impairment}} in {{People}} with {{Aphantasia}}},
  author = {Kathryn F Knight and Fraser N Milton and F N Milton and Adam Zeman and A Zeman},
  date = {2022},
  pages = {8},
  langid = {english},
  keywords = {A lire,Accès libre,Correlates - Memory - Working,Imagery - Visual},
  file = {C\:\\Users\\Admin\\Zotero\\storage\\TZI3BR6V\\Knight et al. - Memory without Imagery No Evidence of Visual Work.pdf},
}
@Article{pounderOnlyMinimalDifferences2022,
  title = {Only Minimal Differences between Individuals with Congenital Aphantasia and Those with Typical Imagery on Neuropsychological Tasks That Involve Imagery},
  author = {Zo{\"e} Pounder and Jane Jacob and Samuel Evans and Catherine Loveday and Alison F. Eardley and Juha Silvanto},
  date = {2022-03-01},
  journaltitle = {Cortex},
  shortjournal = {Cortex},
  volume = {148},
  pages = {180--192},
  issn = {0010-9452},
  doi = {10.1016/j.cortex.2021.12.010},
  url = {https://www.sciencedirect.com/science/article/pii/S0010945222000065},
  urldate = {2022-09-16},
  langid = {english},
  keywords = {Accès libre,Benefits,Correlates - Memory - Declarative,Correlates - Memory - Episodic/Autobio,Correlates - Memory - Working,Correlates - Neuropsycho,Correlates - Spatial/Mental rotation,Imagery - Visual,Life - Performance,Lus - Abstract/travers,Lus - Complet,Methodo - Bayesian,Methodo - Behavioral,Methodo - Neuropsycho,Methodo - New,Methodo - Questionnaires},
  file = {C\:\\Users\\Admin\\Zotero\\storage\\RLXMQEDM\\Pounder et al. - 2022 - Only minimal differences between individuals with .pdf;C\:\\Users\\Admin\\Zotero\\storage\\DULVQ3FA\\S0010945222000065.html},
}
@Book{kendleAphantasiaExperiencesPerceptions2017,
  title = {Aphantasia: {{Experiences}}, Perceptions, and Insights},
  author = {Alan Kendle},
  date = {2017},
  publisher = {{Dark River}},
  isbn = {1-911121-42-1},
}
@Thesis{crowderDifferencesSpatialVisualization2018,
  title = {Differences in {{Spatial Visualization Ability}} and {{Vividness}} of {{Spatial Imagery Between People With}} and {{Without Aphantasia}}},
  author = {Anita Crowder},
  date = {2018},
  langid = {english},
  pagetotal = {129},
  keywords = {Accès libre,Life - Arts and creativity,Life - Arts vs STEM,Life - Learning,Lus - Abstract/travers,Lus - Complet},
  file = {C\:\\Users\\Admin\\Zotero\\storage\\XJ7K7J29\\Crowder - Differences in Spatial Visualization Ability and V.pdf},
}
@Article{kozhevnikovSpatialObjectVisualizers2005,
  title = {Spatial versus Object Visualizers: {{A}} New Characterization of Visual Cognitive Style},
  shorttitle = {Spatial versus Object Visualizers},
  author = {Maria Kozhevnikov and Stephen Kosslyn and Jennifer Shephard},
  date = {2005-06},
  journaltitle = {Memory \& Cognition},
  shortjournal = {Mem Cogn},
  volume = {33},
  number = {4},
  pages = {710--726},
  issn = {0090-502X, 1532-5946},
  doi = {10.3758/BF03195337},
  url = {http://link.springer.com/10.3758/BF03195337},
  urldate = {2022-10-09},
  langid = {english},
  file = {C\:\\Users\\Admin\\Zotero\\storage\\UIHBYEVF\\Kozhevnikov et al. - 2005 - Spatial versus object visualizers A new character.pdf},
}
@Article{brewerScientistsAreNot2006,
  title = {Scientists {{Are Not Deficient}} in {{Mental Imagery}}: {{Galton Revised}}},
  shorttitle = {Scientists {{Are Not Deficient}} in {{Mental Imagery}}},
  author = {William F. Brewer and Marlene Schommer-Aikins},
  date = {2006-06},
  journaltitle = {Review of General Psychology},
  shortjournal = {Review of General Psychology},
  volume = {10},
  number = {2},
  pages = {130--146},
  issn = {1089-2680, 1939-1552},
  doi = {10.1037/1089-2680.10.2.130},
  url = {http://journals.sagepub.com/doi/10.1037/1089-2680.10.2.130},
  urldate = {2022-10-06},
  langid = {english},
  file = {C\:\\Users\\Admin\\Zotero\\storage\\R3BDSQDP\\Brewer et Schommer-Aikins - 2006 - Scientists Are Not Deficient in Mental Imagery Ga.pdf},
}
@Article{mishkinContributionStriateInputs1982,
  title = {Contribution of Striate Inputs to the Visuospatial Functions of Parieto-Preoccipital Cortex in Monkeys},
  author = {Mortimer Mishkin and Leslie G. Ungerleider},
  date = {1982-09-01},
  journaltitle = {Behavioural Brain Research},
  shortjournal = {Behavioural Brain Research},
  volume = {6},
  number = {1},
  pages = {57--77},
  issn = {0166-4328},
  doi = {10.1016/0166-4328(82)90081-X},
  url = {https://www.sciencedirect.com/science/article/pii/016643288290081X},
  urldate = {2022-11-07},
  langid = {english},
  keywords = {monkey,parieto-preoccipital cortex,spatial vision,striate cortex},
  file = {C\:\\Users\\Admin\\Zotero\\storage\\AW5TWZ6Z\\Mishkin et Ungerleider - 1982 - Contribution of striate inputs to the visuospatial.pdf;C\:\\Users\\Admin\\Zotero\\storage\\VTXKC6DZ\\016643288290081X.html},
}
@Article{dellasalaPatternSpanTool1999,
  title = {Pattern Span: A Tool for Unwelding Visuo–Spatial Memory},
  shorttitle = {Pattern Span},
  author = {Sergio {Della Sala} and Colin Gray and Alan Baddeley and Nadia Allamano and Lindsey Wilson},
  date = {1999-09-01},
  journaltitle = {Neuropsychologia},
  shortjournal = {Neuropsychologia},
  volume = {37},
  number = {10},
  pages = {1189--1199},
  issn = {0028-3932},
  doi = {10.1016/S0028-3932(98)00159-6},
  url = {https://www.sciencedirect.com/science/article/pii/S0028393298001596},
  urldate = {2022-11-07},
  langid = {english},
  keywords = {Spatial short-term memory,Visual short-term memory,Working memory},
  file = {C\:\\Users\\Admin\\Zotero\\storage\\439B2DHY\\Della Sala et al. - 1999 - Pattern span a tool for unwelding visuo–spatial m.pdf},
}

@Article{salwayVisuospatialWorkingMemory1995,
  title = {Visuospatial Working Memory, Movement Control and Executive Demands},
  author = {Alice F. S. Salway and Robert H. Logie},
  date = {1995},
  journaltitle = {British Journal of Psychology},
  volume = {86},
  number = {2},
  pages = {253--269},
  issn = {2044-8295},
  doi = {10.1111/j.2044-8295.1995.tb02560.x},
  url = {https://onlinelibrary.wiley.com/doi/abs/10.1111/j.2044-8295.1995.tb02560.x},
  urldate = {2022-11-07},
  langid = {english},
  annotation = {\_eprint: https://onlinelibrary.wiley.com/doi/pdf/10.1111/j.2044-8295.1995.tb02560.x},
  file = {C\:\\Users\\Admin\\Zotero\\storage\\V744JCSF\\j.2044-8295.1995.tb02560.html},
}
@Article{blajenkovaObjectspatialImageryNew2006,
  title = {Object-Spatial Imagery: A New Self-Report Imagery Questionnaire},
  shorttitle = {Object-Spatial Imagery},
  author = {Olessia Blajenkova and Maria Kozhevnikov and Michael A. Motes},
  date = {2006},
  journaltitle = {Applied Cognitive Psychology},
  volume = {20},
  number = {2},
  pages = {239--263},
  issn = {1099-0720},
  doi = {10.1002/acp.1182},
  url = {https://onlinelibrary.wiley.com/doi/abs/10.1002/acp.1182},
  urldate = {2022-10-09},
  langid = {english},
  annotation = {\_eprint: https://onlinelibrary.wiley.com/doi/pdf/10.1002/acp.1182},
  file = {C\:\\Users\\Admin\\Zotero\\storage\\R2PS7ZF3\\Blajenkova et al. - 2006 - Object-spatial imagery a new self-report imagery .pdf;C\:\\Users\\Admin\\Zotero\\storage\\ZS7EYY5P\\acp.html},
}

@Article{bocciaPennyYourThoughts2015,
  title = {A Penny for Your Thoughts! Patterns of {{fMRI}} Activity Reveal the Content and the Spatial Topography of Visual Mental Images},
  author = {Maddalena Boccia and Laura Piccardi and Liana Palermo and Federico Nemmi and Valentina Sulpizio and Gaspare Galati and Cecilia Guariglia},
  date = {2015},
  journaltitle = {Human Brain Mapping},
  volume = {36},
  number = {3},
  pages = {945--958},
  issn = {1097-0193},
  doi = {10.1002/hbm.22678},
  url = {https://onlinelibrary.wiley.com/doi/abs/10.1002/hbm.22678},
  urldate = {2022-11-07},
  langid = {english},
  keywords = {functional magnetic resonance imaging,imagery,multivariate pattern analysis,nontopological images,topological images,visuo-spatial mental imagery},
  annotation = {\_eprint: https://onlinelibrary.wiley.com/doi/pdf/10.1002/hbm.22678},
  file = {C\:\\Users\\Admin\\Zotero\\storage\\54LVTRY9\\Boccia et al. - 2015 - A penny for your thoughts! patterns of fMRI activi.pdf;C\:\\Users\\Admin\\Zotero\\storage\\5VCS7J4S\\hbm.html},
}

@Article{kozhevnikovRevisingVisualizerVerbalizerDimension2002,
  title = {Revising the {{Visualizer-Verbalizer Dimension}}: {{Evidence}} for {{Two Types}} of {{Visualizers}}},
  author = {Maria Kozhevnikov and Mary Hegarty and Richard E. Mayer},
  date = {2002},
  journaltitle = {Cognition and Instruction},
  volume = {20},
  number = {1},
  eprint = {3233862},
  eprinttype = {jstor},
  pages = {47--77},
  langid = {english},
  file = {C\:\\Users\\Admin\\Zotero\\storage\\DKG9UQNB\\Kozhevnikov et al. - 2002 - Revising the Visualizer-Verbalizer Dimension Evid.pdf},
}

@Article{mortonImageTransformationDissociated1995,
  title = {Image Transformation Dissociated from Visuospatial Working Memory},
  author = {Nick Morton and Robin G. Morris},
  date = {1995-11-30},
  journaltitle = {Cognitive Neuropsychology},
  volume = {12},
  number = {7},
  pages = {767--791},
  publisher = {{Routledge}},
  issn = {0264-3294},
  doi = {10.1080/02643299508251401},
  url = {https://doi.org/10.1080/02643299508251401},
  urldate = {2022-11-14},
  annotation = {\_eprint: https://doi.org/10.1080/02643299508251401},
}
@Article{marksVividnessVisualImagery1973,
  title = {Vividness of Visual Imagery {{Questionnaire}}},
  author = {David F. Marks},
  date = {1973},
  journaltitle = {Journal of Mental Imagery},
}
@Article{blajenkovaObjectSpatialImagery2006,
  title = {Object and Spatial Imagery: Distinctions between Members of Different Professions},
  shorttitle = {Object and Spatial Imagery},
  author = {Olessia Blajenkova and Maria Kozhevnikov and Michael A. Motes},
  date = {2006-09-01},
  journaltitle = {Cognitive Processing},
  shortjournal = {Cogn Process},
  volume = {7},
  number = {1},
  pages = {20--21},
  issn = {1612-4790},
  doi = {10.1007/s10339-006-0047-9},
  url = {https://doi.org/10.1007/s10339-006-0047-9},
  urldate = {2022-11-07},
  langid = {english},
  keywords = {Individual differences,Object and spatial imagery,Visual imagery},
}

@Article{blazhenkovaTwoEyesBlind2019,
  title = {The Two Eyes of the Blind Mind: Object vs. Spatial Aphantasia?},
  shorttitle = {The Two Eyes of the Blind Mind},
  author = {Olesya Blazhenkova and Ekaterina Pechenkova},
  date = {2019-12},
  journaltitle = {Russian Journal of Cognitive Science},
  volume = {6},
  number = {4},
  pages = {51--65},
  issn = {2313-4518},
  url = {http://dx.doi.org/10.47010/19.4.5},
  urldate = {2022-10-08},
  issue = {4},
  langid = {english},
  file = {C\:\\Users\\Admin\\Zotero\\storage\\3G47KFE2\\Blazhenkova et Pechenkova - 2019 - The two eyes of the blind mind object vs. spatial.pdf;C\:\\Users\\Admin\\Zotero\\storage\\W4KVKG9I\\41301.html},
}

@Article{blazhenkovaVisualobjectAbilityNew2010,
  title = {Visual-Object Ability: {{A}} New Dimension of Non-Verbal Intelligence},
  shorttitle = {Visual-Object Ability},
  author = {Olesya Blazhenkova and Maria Kozhevnikov},
  date = {2010-12},
  journaltitle = {Cognition},
  shortjournal = {Cognition},
  volume = {117},
  number = {3},
  pages = {276--301},
  issn = {00100277},
  doi = {10.1016/j.cognition.2010.08.021},
  url = {https://linkinghub.elsevier.com/retrieve/pii/S0010027710002015},
  urldate = {2022-09-26},
  langid = {english},
  keywords = {A lire,Accès libre},
  file = {C\:\\Users\\Admin\\Zotero\\storage\\HHLDJ4UU\\Blazhenkova et Kozhevnikov - 2010 - Visual-object ability A new dimension of non-verb.pdf},
}
@Article{colemanSpatialPerceptionSkills1998,
  title = {Spatial {{Perception Skills}} of {{Chemistry Students}}},
  author = {Sharon L. Coleman and Albert J. Gotch},
  date = {1998-02-01},
  journaltitle = {Journal of Chemical Education},
  shortjournal = {J. Chem. Educ.},
  volume = {75},
  number = {2},
  pages = {206},
  publisher = {{American Chemical Society}},
  issn = {0021-9584},
  doi = {10.1021/ed075p206},
  url = {https://doi.org/10.1021/ed075p206},
  urldate = {2022-11-07},
  file = {C\:\\Users\\Admin\\Zotero\\storage\\6VEPXFU9\\ed075p206.html},
}

@InCollection{hegartyIndividualDifferencesSpatial2005,
  title = {Individual {{Differences}} in {{Spatial Abilities}}},
  booktitle = {The {{Cambridge Handbook}} of {{Visuospatial Thinking}}},
  author = {Mary Hegarty and David A. Waller},
  date = {2005},
  pages = {121--169},
  publisher = {{Cambridge University Press}},
  location = {{New York, NY, US}},
  doi = {10.1017/CBO9780511610448.005},
  isbn = {978-0-521-80710-4 978-0-521-00173-1},
  keywords = {Cognitive Processes,Individual Differences,Spatial Ability,Spatial Imagery},
}

@Article{keehnerSpatialAbilityExperience2004,
  title = {Spatial Ability, Experience, and Skill in Laparoscopic Surgery},
  author = {Madeleine M Keehner and Frank Tendick and Maxwell V Meng and Haroon P Anwar and Mary Hegarty and Marshall L Stoller and Quan-Yang Duh},
  date = {2004-07-01},
  journaltitle = {The American Journal of Surgery},
  shortjournal = {The American Journal of Surgery},
  volume = {188},
  number = {1},
  pages = {71--75},
  issn = {0002-9610},
  doi = {10.1016/j.amjsurg.2003.12.059},
  url = {https://www.sciencedirect.com/science/article/pii/S0002961004001175},
  urldate = {2022-11-07},
  langid = {english},
  keywords = {Laparoscopic surgery,Psychometrics,Skill acquisition,Spatial ability},
  file = {C\:\\Users\\Admin\\Zotero\\storage\\XXSS48QI\\Keehner et al. - 2004 - Spatial ability, experience, and skill in laparosc.pdf},
}

@Article{kozhevnikovSpatialVisualizationPhysics2007,
  title = {Spatial {{Visualization}} in {{Physics Problem Solving}}},
  author = {Maria Kozhevnikov and Michael A. Motes and Mary Hegarty},
  date = {2007},
  journaltitle = {Cognitive Science},
  volume = {31},
  number = {4},
  pages = {549--579},
  issn = {1551-6709},
  doi = {10.1080/15326900701399897},
  url = {https://onlinelibrary.wiley.com/doi/abs/10.1080/15326900701399897},
  urldate = {2022-11-07},
  langid = {english},
  keywords = {Physics,Problem solving,Spatial visualization ability,Visual-spatial working memory},
  annotation = {\_eprint: https://onlinelibrary.wiley.com/doi/pdf/10.1080/15326900701399897},
  file = {C\:\\Users\\Admin\\Zotero\\storage\\I38RS9T8\\Kozhevnikov et al. - 2007 - Spatial Visualization in Physics Problem Solving.pdf},
}

@Article{orionRelationshipEarthScienceEducation1997,
  title = {Relationship {{Between Earth-Science Education}} and {{Spatial Visualization}}},
  author = {Nir Orion and David Ben-Chaim and Yael Kali},
  date = {1997-03-01},
  journaltitle = {Journal of Geoscience Education},
  volume = {45},
  number = {2},
  pages = {129--132},
  publisher = {{Routledge}},
  issn = {1089-9995},
  doi = {10.5408/1089-9995-45.2.129},
  url = {https://doi.org/10.5408/1089-9995-45.2.129},
  urldate = {2022-11-07},
  keywords = {Education – geoscience,geology – teaching and curriculum,structural geology},
  annotation = {\_eprint: https://doi.org/10.5408/1089-9995-45.2.129},
  file = {C\:\\Users\\Admin\\Zotero\\storage\\263BA4M4\\Orion et al. - 1997 - Relationship Between Earth-Science Education and S.pdf},
}

@Article{waiSpatialAbilitySTEM2009,
  title = {Spatial Ability for {{STEM}} Domains: {{Aligning}} over 50 Years of Cumulative Psychological Knowledge Solidifies Its Importance},
  shorttitle = {Spatial Ability for {{STEM}} Domains},
  author = {Jonathan Wai and David Lubinski and Camilla P. Benbow},
  date = {2009},
  journaltitle = {Journal of Educational Psychology},
  volume = {101},
  pages = {817--835},
  publisher = {{American Psychological Association}},
  location = {{US}},
  issn = {1939-2176},
  doi = {10.1037/a0016127},
  keywords = {Academic Achievement,Gifted,High School Students,Mathematics,Sciences,Spatial Ability,Technology},
}
@Article{blazhenkovaNewObjectspatialverbalCognitive2009,
  title = {The New Object-Spatial-Verbal Cognitive Style Model: {{Theory}} and Measurement},
  shorttitle = {The New Object-Spatial-Verbal Cognitive Style Model},
  author = {Olesya Blazhenkova and Maria Kozhevnikov},
  date = {2009},
  journaltitle = {Applied Cognitive Psychology},
  volume = {23},
  number = {5},
  pages = {638--663},
  issn = {1099-0720},
  doi = {10.1002/acp.1473},
  url = {https://onlinelibrary.wiley.com/doi/abs/10.1002/acp.1473},
  urldate = {2022-11-07},
  langid = {english},
  annotation = {\_eprint: https://onlinelibrary.wiley.com/doi/pdf/10.1002/acp.1473},
  file = {C\:\\Users\\Admin\\Zotero\\storage\\NX8Y57MI\\Blazhenkova et Kozhevnikov - 2009 - The new object-spatial-verbal cognitive style mode.pdf;C\:\\Users\\Admin\\Zotero\\storage\\ZHIL9Q99\\acp.html},
}

@Article{kozhevnikovTradeoffObjectSpatial2010,
  title = {Trade-off in Object versus Spatial Visualization Abilities: {{Restriction}} in the Development of Visual-Processing Resources},
  shorttitle = {Trade-off in Object versus Spatial Visualization Abilities},
  author = {M. Kozhevnikov and O. Blazhenkova and M. Becker},
  date = {2010-02-01},
  journaltitle = {Psychonomic Bulletin \& Review},
  shortjournal = {Psychonomic Bulletin \& Review},
  volume = {17},
  number = {1},
  pages = {29--35},
  issn = {1069-9384, 1531-5320},
  doi = {10.3758/PBR.17.1.29},
  url = {http://link.springer.com/10.3758/PBR.17.1.29},
  urldate = {2022-10-25},
  langid = {english},
  file = {C\:\\Users\\Admin\\Zotero\\storage\\AUAM4UZM\\Kozhevnikov et al. - 2010 - Trade-off in object versus spatial visualization a.pdf},
}
@Article{kozhevnikovCreativityVisualizationAbilities2013,
  title = {Creativity, Visualization Abilities, and Visual Cognitive Style},
  author = {Maria Kozhevnikov and Michael Kozhevnikov and Chen Jiao Yu and Olesya Blazhenkova},
  date = {2013-06},
  journaltitle = {British Journal of Educational Psychology},
  shortjournal = {Br J Educ Psychol},
  volume = {83},
  number = {2},
  pages = {196--209},
  issn = {00070998},
  doi = {10.1111/bjep.12013},
  url = {https://onlinelibrary.wiley.com/doi/10.1111/bjep.12013},
  urldate = {2022-09-26},
  langid = {english},
  keywords = {A lire,Accès libre},
  file = {C\:\\Users\\Admin\\Zotero\\storage\\98HXQ3LH\\Kozhevnikov et al. - 2013 - Creativity, visualization abilities, and visual co.pdf},
}
@Manual{R-base,
  type = {manual},
  title = {R: {{A}} Language and Environment for Statistical Computing},
  author = {{R Core Team}},
  date = {2022},
  location = {{Vienna, Austria}},
  url = {https://www.R-project.org/},
  organization = {{R Foundation for Statistical Computing}},
}
@Manual{R-rmarkdown,
  type = {manual},
  title = {Rmarkdown: {{Dynamic}} Documents for {{R}}},
  author = {JJ Allaire and Yihui Xie and Jonathan McPherson and Javier Luraschi and Kevin Ushey and Aron Atkins and Hadley Wickham and Joe Cheng and Winston Chang and Richard Iannone},
  date = {2023},
  url = {https://CRAN.R-project.org/package=rmarkdown},
}
@Software{kotheTrackdownCollaborativeWriting2021,
  title = {Trackdown: {{Collaborative Writing}} and {{Editing}} of {{R Markdown}} (or {{Sweave}}) {{Documents}} in {{Google Drive}}},
  shorttitle = {Trackdown},
  author = {Emily Kothe and Claudio Zandonella Callegher and Filippo Gambarota and Janosch Linkersd{\"o}rfer and Mathew Ling},
  date = {2021-08-06},
  doi = {10.5281/zenodo.5167320},
  url = {https://zenodo.org/record/5167320},
  urldate = {2023-02-11},
  organization = {{Zenodo}},
  file = {C\:\\Users\\Admin\\Zotero\\storage\\Y3GEM2TT\\5167320.html},
}
@InCollection{knitr2014,
  title = {Knitr: {{A}} Comprehensive Tool for Reproducible Research in {{R}}},
  booktitle = {Implementing Reproducible Computational Research},
  author = {Yihui Xie},
  editor = {Victoria Stodden and Friedrich Leisch and Roger D. Peng},
  date = {2014},
  publisher = {{Chapman and Hall/CRC}},
}

@Manual{R-knitr,
  type = {manual},
  title = {Knitr: {{A}} General-Purpose Package for Dynamic Report Generation in {{R}}},
  author = {Yihui Xie},
  date = {2023},
  url = {https://yihui.org/knitr/},
}
@Article{datawizard2022,
  title = {{{datawizard}}: {{An R}} Package for Easy Data Preparation and Statistical Transformations},
  author = {Indrajeet Patil and Dominique Makowski and Mattan S. Ben-Shachar and Brenton M. Wiernik and Etienne Bacher and Daniel L{\"u}decke},
  date = {2022},
  journaltitle = {Journal of Open Source Software},
  volume = {7},
  number = {78},
  pages = {4684},
  doi = {10.21105/joss.04684},
}

@Manual{R-cluster,
  type = {manual},
  title = {Cluster: "{{Finding Groups}} in {{Data}}": {{Cluster}} Analysis Extended Rousseeuw et Al.},
  author = {Martin Maechler and Peter Rousseeuw and Anja Struyf and Mia Hubert},
  date = {2022},
  url = {https://svn.r-project.org/R-packages/trunk/cluster/},
}

@Manual{R-correlation,
  type = {manual},
  title = {Correlation: {{Methods}} for Correlation Analysis},
  author = {Dominique Makowski and Brenton M. Wiernik and Indrajeet Patil and Daniel L{\"u}decke and Mattan S. Ben-Shachar},
  date = {2022},
  url = {https://easystats.github.io/correlation/},
}

@Manual{R-corrr,
  type = {manual},
  title = {Corrr: {{Correlations}} in {{R}}},
  author = {Max Kuhn and Simon Jackson and Jorge Cimentada},
  date = {2022},
  url = {https://CRAN.R-project.org/package=corrr},
}

@Manual{R-dplyr,
  type = {manual},
  title = {Dplyr: {{A}} Grammar of Data Manipulation},
  author = {Hadley Wickham and Romain Fran{\c c}ois and Lionel Henry and Kirill M{\"u}ller},
  date = {2022},
  url = {https://CRAN.R-project.org/package=dplyr},
}

@Manual{R-easystats,
  type = {manual},
  title = {Easystats: {{Framework}} for Easy Statistical Modeling, Visualization, and Reporting},
  author = {Daniel L{\"u}decke and Dominique Makowski and Mattan S. Ben-Shachar and Indrajeet Patil and Brenton M. Wiernik},
  date = {2022},
  url = {https://easystats.github.io/easystats/},
}

@Manual{R-effectsize,
  type = {manual},
  title = {Effectsize: {{Indices}} of Effect Size},
  author = {Mattan S. Ben-Shachar and Dominique Makowski and Daniel L{\"u}decke and Indrajeet Patil and Brenton M. Wiernik and R{\a'e}mi Th{\a'e}riault},
  date = {2023},
  url = {https://easystats.github.io/effectsize/},
}

@Manual{R-equatiomatic,
  type = {manual},
  title = {Equatiomatic: {{Transform}} Models into {{LaTeX}} Equations},
  author = {Daniel Anderson and Andrew Heiss and Jay Sumners},
  date = {2022},
  url = {https://CRAN.R-project.org/package=equatiomatic},
}

@Manual{R-ez,
  type = {manual},
  title = {Ez: {{Easy}} Analysis and Visualization of Factorial Experiments},
  author = {Michael A. Lawrence},
  date = {2016},
  url = {http://github.com/mike-lawrence/ez},
}

@Manual{R-factoextra,
  type = {manual},
  title = {Factoextra: {{Extract}} and Visualize the Results of Multivariate Data Analyses},
  author = {Alboukadel Kassambara and Fabian Mundt},
  date = {2020},
  url = {http://www.sthda.com/english/rpkgs/factoextra},
}

@Manual{R-forcats,
  type = {manual},
  title = {Forcats: {{Tools}} for Working with Categorical Variables (Factors)},
  author = {Hadley Wickham},
  date = {2022},
  url = {https://CRAN.R-project.org/package=forcats},
}

@Manual{R-GGally,
  type = {manual},
  title = {{{GGally}}: {{Extension}} to Ggplot2},
  author = {Barret Schloerke and Di Cook and Joseph Larmarange and Francois Briatte and Moritz Marbach and Edwin Thoen and Amos Elberg and Jason Crowley},
  date = {2021},
  url = {https://CRAN.R-project.org/package=GGally},
}

@Manual{R-ggpubr,
  type = {manual},
  title = {Ggpubr: Ggplot2 Based Publication Ready Plots},
  author = {Alboukadel Kassambara},
  date = {2022},
  url = {https://rpkgs.datanovia.com/ggpubr/},
}

@Manual{R-ggradar,
  type = {manual},
  title = {Ggradar: {{Create}} Radar Charts Using Ggplot2},
  author = {Ricardo Bion},
  date = {2023},
}

@Manual{R-ggraph,
  type = {manual},
  title = {Ggraph: {{An}} Implementation of Grammar of Graphics for Graphs and Networks},
  author = {Thomas Lin Pedersen},
  date = {2022},
  url = {https://CRAN.R-project.org/package=ggraph},
}

@Manual{R-insight,
  type = {manual},
  title = {Insight: {{Easy}} Access to Model Information for Various Model Objects},
  author = {Daniel L{\"u}decke and Dominique Makowski and Indrajeet Patil and Philip Waggoner and Mattan S. Ben-Shachar and Brenton M. Wiernik and Vincent Arel-Bundock},
  date = {2023},
  url = {https://easystats.github.io/insight/},
}

@Manual{R-librarian,
  type = {manual},
  title = {Librarian: {{Install}}, Update, Load Packages from {{CRAN}}, {{GitHub}}, and Bioconductor in One Step},
  author = {Desi Quintans},
  date = {2021},
  url = {https://github.com/DesiQuintans/librarian},
}

@Manual{R-lme4,
  type = {manual},
  title = {Lme4: {{Linear}} Mixed-Effects Models Using Eigen and {{S4}}},
  author = {Douglas Bates and Martin Maechler and Ben Bolker and Steven Walker},
  date = {2022},
  url = {https://github.com/lme4/lme4/},
}

@Manual{R-lmerTest,
  type = {manual},
  title = {{{lmerTest}}: {{Tests}} in Linear Mixed Effects Models},
  author = {Alexandra Kuznetsova and Per {Bruun Brockhoff} and Rune {Haubo Bojesen Christensen}},
  date = {2020},
  url = {https://github.com/runehaubo/lmerTestR},
}

@Manual{R-MASS,
  type = {manual},
  title = {{{MASS}}: {{Support}} Functions and Datasets for Venables and Ripley's {{MASS}}},
  author = {Brian Ripley},
  date = {2022},
  url = {http://www.stats.ox.ac.uk/pub/MASS4/},
}

@Manual{R-Matrix,
  type = {manual},
  title = {Matrix: {{Sparse}} and Dense Matrix Classes and Methods},
  author = {Douglas Bates and Martin Maechler and Mikael Jagan},
  date = {2022},
  url = {https://CRAN.R-project.org/package=Matrix},
}

@Manual{R-modelbased,
  type = {manual},
  title = {Modelbased: {{Estimation}} of Model-Based Predictions, Contrasts and Means},
  author = {Dominique Makowski and Daniel L{\"u}decke and Mattan S. Ben-Shachar and Indrajeet Patil},
  date = {2023},
  url = {https://easystats.github.io/modelbased/},
}

@Manual{R-purrr,
  type = {manual},
  title = {Purrr: {{Functional}} Programming Tools},
  author = {Lionel Henry and Hadley Wickham},
  date = {2022},
  url = {https://CRAN.R-project.org/package=purrr},
}

@Manual{R-rstatix,
  type = {manual},
  title = {Rstatix: {{Pipe-friendly}} Framework for Basic Statistical Tests},
  author = {Alboukadel Kassambara},
  date = {2022},
  url = {https://rpkgs.datanovia.com/rstatix/},
}

@Manual{R-tidyr,
  type = {manual},
  title = {Tidyr: {{Tidy}} Messy Data},
  author = {Hadley Wickham and Maximilian Girlich},
  date = {2022},
  url = {https://CRAN.R-project.org/package=tidyr},
}

@Manual{R-tidyverse,
  type = {manual},
  title = {Tidyverse: {{Easily}} Install and Load the Tidyverse},
  author = {Hadley Wickham},
  date = {2022},
  url = {https://CRAN.R-project.org/package=tidyverse},
}

@Article{tidyverse2019,
  title = {Welcome to the {{tidyverse}}},
  author = {Hadley Wickham and Mara Averick and Jennifer Bryan and Winston Chang and Lucy D'Agostino McGowan and Romain Fran{\c c}ois and Garrett Grolemund and Alex Hayes and Lionel Henry and Jim Hester and Max Kuhn and Thomas Lin Pedersen and Evan Miller and Stephan Milton Bache and Kirill M{\"u}ller and Jeroen Ooms and David Robinson and Dana Paige Seidel and Vitalie Spinu and Kohske Takahashi and Davis Vaughan and Claus Wilke and Kara Woo and Hiroaki Yutani},
  date = {2019},
  journaltitle = {Journal of Open Source Software},
  volume = {4},
  number = {43},
  pages = {1686},
  doi = {10.21105/joss.01686},
}
@Book{knitr2015,
  title = {Dynamic Documents with {{R}} and Knitr},
  author = {Yihui Xie},
  date = {2015},
  publisher = {{Chapman and Hall/CRC}},
  location = {{Boca Raton, Florida}},
}
@Article{igraph2006,
  title = {The Igraph Software Package for Complex Network Research},
  author = {Gabor Csardi and Tamas Nepusz},
  date = {2006},
  journaltitle = {InterJournal},
  volume = {Complex Systems},
  pages = {1695},
  url = {https://igraph.org},
}
@Manual{positteamRStudioIntegratedDevelopment2022,
  type = {manual},
  title = {{{RStudio}}: {{Integrated}} Development Environment for {{R}}},
  author = {{Posit team}},
  date = {2022},
  location = {{Boston, MA}},
  url = {http://www.posit.co/},
  organization = {{Posit Software, PBC}},
}
@Article{langeJustAnotherTool2015,
  title = {{{Just Another Tool}} for {{Online Studies}}” ({{JATOS}}): {{An Easy Solution}} for {{Setup}} and {{Management}} of {{Web Servers Supporting Online Studies}}},
  shorttitle = {{{Just Another Tool}} for {{Online Studies}}” ({{JATOS}})},
  author = {Kristian Lange and Simone K{\"u}hn and Elisa Filevich},
  date = {2015-06-26},
  journaltitle = {PLOS ONE},
  shortjournal = {PLOS ONE},
  volume = {10},
  number = {6},
  pages = {e0130834},
  publisher = {{Public Library of Science}},
  issn = {1932-6203},
  doi = {10.1371/journal.pone.0130834},
  url = {https://journals.plos.org/plosone/article?id=10.1371/journal.pone.0130834},
  urldate = {2023-01-27},
  langid = {english},
  keywords = {Cloning,Data management,Databases,Graphical user interfaces,Internet,Metadata,Open source software,Web-based applications},
  file = {C\:\\Users\\Admin\\Zotero\\storage\\5AP7MRPL\\Lange et al. - 2015 - Just Another Tool for Online Studies” (JATOS) An.pdf},
}
@Article{mathotOpenSesameOpensourceGraphical2012,
  title = {{{OpenSesame}}: {{An}} Open-Source, Graphical Experiment Builder for the Social Sciences},
  shorttitle = {{{OpenSesame}}},
  author = {Sebastiaan Math{\^o}t and Daniel Schreij and Jan Theeuwes},
  date = {2012-06-01},
  journaltitle = {Behavior Research Methods},
  shortjournal = {Behav Res},
  volume = {44},
  number = {2},
  pages = {314--324},
  issn = {1554-3528},
  doi = {10.3758/s13428-011-0168-7},
  url = {https://doi.org/10.3758/s13428-011-0168-7},
  urldate = {2023-02-14},
  langid = {english},
  keywords = {Experiment builder,Graphical user interface,Python,Software,Stimulus presentation},
  file = {C\:\\Users\\Admin\\Zotero\\storage\\YY5Q63HR\\Mathôt et al. - 2012 - OpenSesame An open-source, graphical experiment b.pdf},
}
@Manual{R-quarto,
  type = {manual},
  title = {Quarto: {{R}} Interface to Quarto Markdown Publishing System},
  author = {JJ Allaire},
  date = {2022},
  url = {https://github.com/quarto-dev/quarto-r},
}
@Manual{R-pandoc,
  type = {manual},
  title = {Pandoc: {{Manage}} and Run Universal Converter Pandoc from {{R}}},
  author = {Christophe Dervieux},
  date = {2022},
  url = {https://CRAN.R-project.org/package=pandoc},
}
@Article{lawsonNewIndexClustering1990,
  title = {New Index for Clustering Tendency and Its Application to Chemical Problems},
  author = {Richard G. Lawson and Peter C. Jurs},
  date = {1990},
  journaltitle = {Journal of chemical information and computer sciences},
  volume = {30},
  number = {1},
  pages = {36--41},
  publisher = {{ACS Publications}},
  isbn = {0095-2338},
}
@Article{schrawAssessingMetacognitiveAwareness1994,
  title = {Assessing {{Metacognitive Awareness}}},
  author = {Gregory Schraw and Rayne Sperling Dennison},
  date = {1994-10-01},
  journaltitle = {Contemporary Educational Psychology},
  shortjournal = {Contemporary Educational Psychology},
  volume = {19},
  number = {4},
  pages = {460--475},
  issn = {0361-476X},
  doi = {10.1006/ceps.1994.1033},
  url = {https://www.sciencedirect.com/science/article/pii/S0361476X84710332},
  urldate = {2023-02-15},
  langid = {english},
  file = {C\:\\Users\\Admin\\Zotero\\storage\\4GGI2C99\\Schraw et Dennison - 1994 - Assessing Metacognitive Awareness.pdf;C\:\\Users\\Admin\\Zotero\\storage\\UGQM3T7B\\S0361476X84710332.html},
}
@Article{bilkerDevelopmentAbbreviatedNineItem2012,
  title = {Development of {{Abbreviated Nine-Item Forms}} of the {{Raven}}’s {{Standard Progressive Matrices Test}}},
  author = {Warren B. Bilker and John A. Hansen and Colleen M. Brensinger and Jan Richard and Raquel E. Gur and Ruben C. Gur},
  date = {2012-09-01},
  journaltitle = {Assessment},
  shortjournal = {Assessment},
  volume = {19},
  number = {3},
  pages = {354--369},
  publisher = {{SAGE Publications Inc}},
  issn = {1073-1911},
  doi = {10.1177/1073191112446655},
  url = {https://doi.org/10.1177/1073191112446655},
  urldate = {2023-02-15},
  langid = {english},
  file = {C\:\\Users\\Admin\\Zotero\\storage\\LVHV3FBJ\\Bilker et al. - 2012 - Development of Abbreviated Nine-Item Forms of the .pdf},
}

@Book{ravenRavenProgressiveMatrices1938,
  title = {Raven's Progressive Matrices},
  author = {John C. Raven and J. H. Court},
  date = {1938},
  publisher = {{Western Psychological Services Los Angeles}},
}
@Article{wasonReasoningRule1968,
  title = {Reasoning about a {{Rule}}},
  author = {P. C. Wason},
  date = {1968-08-01},
  journaltitle = {Quarterly Journal of Experimental Psychology},
  volume = {20},
  number = {3},
  pages = {273--281},
  publisher = {{SAGE Publications}},
  issn = {0033-555X},
  doi = {10.1080/14640746808400161},
  url = {https://doi.org/10.1080/14640746808400161},
  urldate = {2023-02-15},
  langid = {english},
}
@Article{wechslerWechslerAdultIntelligence1955,
  title = {Wechsler Adult Intelligence Scale--},
  author = {David Wechsler},
  date = {1955},
  journaltitle = {Archives of Clinical Neuropsychology},
}
@Book{wechslerWechslerAdultIntelligence2008,
  title = {Wechsler Adult Intelligence Scale ({{Technical}} and Interpretive Manual 4th Ed.). {{San Antonio}}: {{NCS Pearson}}},
  author = {D. Wechsler and D. L. Coalson and S. E. Raiford},
  date = {2008},
  publisher = {{Inc}},
}
@Article{groegerMeasuringMemorySpan1999,
  title = {Measuring Memory Span},
  author = {John A. Groeger and David Field and Sean M. Hammond},
  date = {1999},
  journaltitle = {International Journal of Psychology},
  volume = {34},
  number = {5-6},
  pages = {359--363},
  issn = {1464-066X},
  doi = {10.1080/002075999399693},
  url = {https://onlinelibrary.wiley.com/doi/abs/10.1080/002075999399693},
  urldate = {2023-02-15},
  langid = {french},
  annotation = {\_eprint: https://onlinelibrary.wiley.com/doi/pdf/10.1080/002075999399693},
  file = {C\:\\Users\\Admin\\Zotero\\storage\\58ZN85UP\\Groeger et al. - 1999 - Measuring Memory Span.pdf;C\:\\Users\\Admin\\Zotero\\storage\\ASSIIPQ4\\002075999399693.html},
}
@Article{heatonWCST64ComputerVersion2000,
  title = {{{WCST-64}}: Computer Version 2},
  author = {Robert K. Heaton and S. Par},
  date = {2000},
  journaltitle = {PAR Psychological Assessment Resources, Lutz, FL},
}
@Article{gibeauCorsiBlocksTask2021,
  title = {The {{Corsi Blocks Task}}: {{Variations}} and Coding with {{jsPsych}}},
  shorttitle = {The {{Corsi Blocks Task}}},
  author = {Rose-Marie Gibeau},
  date = {2021-09-01},
  journaltitle = {The Quantitative Methods for Psychology},
  shortjournal = {TQMP},
  volume = {17},
  number = {3},
  pages = {299--311},
  issn = {2292-1354},
  doi = {10.20982/tqmp.17.3.p299},
  url = {http://www.tqmp.org/RegularArticles/vol17-3/p299},
  urldate = {2022-11-13},
  langid = {english},
  file = {C\:\\Users\\Admin\\Zotero\\storage\\W6YA7TMP\\Gibeau - 2021 - The Corsi Blocks Task Variations and coding with .pdf},
}
@Article{ramfulMeasurementSpatialAbility2017,
  title = {Measurement of {{Spatial Ability}}: {{Construction}} and {{Validation}} of the {{Spatial Reasoning Instrument}} for {{Middle School Students}}},
  shorttitle = {Measurement of {{Spatial Ability}}},
  author = {Ajay Ramful and Thomas Lowrie and Tracy Logan},
  date = {2017-10},
  journaltitle = {Journal of Psychoeducational Assessment},
  shortjournal = {Journal of Psychoeducational Assessment},
  volume = {35},
  number = {7},
  pages = {709--727},
  issn = {0734-2829, 1557-5144},
  doi = {10.1177/0734282916659207},
  url = {http://journals.sagepub.com/doi/10.1177/0734282916659207},
  urldate = {2022-11-13},
  langid = {english},
  file = {C\:\\Users\\Admin\\Zotero\\storage\\5AWIU4NW\\Ramful et al. - 2017 - Measurement of Spatial Ability Construction and V.pdf},
}
@Article{petersRedrawnVandenbergKuse1995,
  title = {A {{Redrawn Vandenberg}} and {{Kuse Mental Rotations Test}} - {{Different Versions}} and {{Factors That Affect Performance}}},
  author = {M. Peters and B. Laeng and K. Latham and M. Jackson and R. Zaiyouna and C. Richardson},
  date = {1995-06-01},
  journaltitle = {Brain and Cognition},
  shortjournal = {Brain and Cognition},
  volume = {28},
  number = {1},
  pages = {39--58},
  issn = {0278-2626},
  doi = {10.1006/brcg.1995.1032},
  url = {https://www.sciencedirect.com/science/article/pii/S0278262685710329},
  urldate = {2023-01-25},
  langid = {english},
  file = {C\:\\Users\\Admin\\Zotero\\storage\\GA6R4JNS\\Peters et al. - 1995 - A Redrawn Vandenberg and Kuse Mental Rotations Tes.pdf;C\:\\Users\\Admin\\Zotero\\storage\\YQG68W3M\\S0278262685710329.html},
}

@Article{zhaoSpatialTransformationMental2022,
  title = {Spatial Transformation in Mental Rotation Tasks in Aphantasia},
  author = {Binglei Zhao and Sergio {Della Sala} and Adam Zeman and Elena Gherri},
  date = {2022-12-01},
  journaltitle = {Psychonomic Bulletin \& Review},
  shortjournal = {Psychon Bull Rev},
  volume = {29},
  number = {6},
  pages = {2096--2107},
  issn = {1531-5320},
  doi = {10.3758/s13423-022-02126-9},
  url = {https://doi.org/10.3758/s13423-022-02126-9},
  urldate = {2022-12-08},
  langid = {english},
  keywords = {Aphantasia,Mental rotation tasks,Rotation related negativity,Spatial transformation},
}
@Article{charradNbClustPackageDetermining2014,
  title = {{{NbClust}}: An {{R}} Package for Determining the Relevant Number of Clusters in a Data Set},
  author = {Malika Charrad and Nadia Ghazzali and V{\a'e}ronique Boiteau and Azam Niknafs},
  date = {2014},
  journaltitle = {Journal of statistical software},
  volume = {61},
  pages = {1--36},
  isbn = {1548-7660},
}
@Article{knauffVisualImageryCan2002,
  title = {Visual Imagery Can Impede Reasoning},
  author = {Markus Knauff and P. N. Johnson-Laird},
  date = {2002-04},
  journaltitle = {Memory \& Cognition},
  shortjournal = {Memory \& Cognition},
  volume = {30},
  number = {3},
  pages = {363--371},
  issn = {0090-502X, 1532-5946},
  doi = {10.3758/BF03194937},
  url = {http://link.springer.com/10.3758/BF03194937},
  urldate = {2023-02-16},
  langid = {english},
  file = {C\:\\Users\\Admin\\Zotero\\storage\\3JJHAA7C\\Knauff et Johnson-Laird - 2002 - Visual imagery can impede reasoning.pdf},
}
@Article{junichiPreliminarySinglecaseStudy2020,
  title = {A Preliminary Single-Case Study of Aphantasia in {{Japan}}},
  author = {TAKAHASHI JUNICHI and GYOBA JIRO},
  date = {2020},
  journaltitle = {Tohoku Psychologica Folia},
  volume = {79},
  pages = {26--32},
}
@Article{ganczarekRememberThingsCan2020,
  title = {“I remember things, but I can’t picture them.” What can a case of aphantasia tell us about imagery and memory?},
  author = {Joanna Ganczarek and Renata {\.Z}urawska-{\.Z}y{\l}a and Aleksandra Rolek},
  date = {2020},
  volume = {20},
  number = {2},
  pages = {134--141},
  publisher = {{Medical Communications Sp. z o.o.}},
  location = {{Warsaw, Poland}},
  issn = {16446313},
  doi = {10.15557/PiPK.2020.0018},
  url = {https://www.proquest.com/docview/2708681864/abstract/D97FF9BBF2FE4693PQ/1},
  urldate = {2023-02-16},
  langid = {polish},
  pagetotal = {134–141},
  keywords = {aphantasia,imagery,individual differences,memory,psychotherapy},
  file = {C\:\\Users\\Admin\\Zotero\\storage\\M7KI39VK\\Ganczarek et al. - 2020 - “I remember things, but I can’t picture them.” Wha.pdf},
}
@Article{suggateMentalImagerySkill2022,
  title = {Mental Imagery Skill Predicts Adults’ Reading Performance},
  author = {Sebastian Suggate and Wolfgang Lenhard},
  date = {2022-08-01},
  journaltitle = {Learning and Instruction},
  shortjournal = {Learning and Instruction},
  volume = {80},
  pages = {101633},
  issn = {0959-4752},
  doi = {10.1016/j.learninstruc.2022.101633},
  url = {https://www.sciencedirect.com/science/article/pii/S0959475222000548},
  urldate = {2023-02-16},
  langid = {english},
  keywords = {Mental imagery,Mental simulation,Reading comprehension,Reading speed,Situational models},
  file = {C\:\\Users\\Admin\\Zotero\\storage\\9HIHDHBJ\\Suggate et Lenhard - 2022 - Mental imagery skill predicts adults’ reading perf.pdf;C\:\\Users\\Admin\\Zotero\\storage\\A48EXNLN\\S0959475222000548.html},
}
@Article{bhushanUsingGaussianGraphical2019,
  title = {Using a {{Gaussian Graphical Model}} to {{Explore Relationships Between Items}} and {{Variables}} in {{Environmental Psychology Research}}},
  author = {Nitin Bhushan and Florian Mohnert and Daniel Sloot and Lise Jans and Casper Albers and Linda Steg},
  date = {2019},
  journaltitle = {Frontiers in Psychology},
  volume = {10},
  issn = {1664-1078},
  url = {https://www.frontiersin.org/articles/10.3389/fpsyg.2019.01050},
  urldate = {2023-02-16},
  file = {C\:\\Users\\Admin\\Zotero\\storage\\HN6QDJ77\\Bhushan et al. - 2019 - Using a Gaussian Graphical Model to Explore Relati.pdf},
}
@Manual{R-parameters,
  type = {manual},
  title = {Parameters: {{Processing}} of Model Parameters},
  author = {Daniel L{\"u}decke and Dominique Makowski and Mattan S. Ben-Shachar and Indrajeet Patil and S{\o}ren H{\o}jsgaard and Brenton M. Wiernik},
  date = {2023},
  url = {https://easystats.github.io/parameters/},
}
@Manual{R-performance,
  type = {manual},
  title = {Performance: {{Assessment}} of Regression Models Performance},
  author = {Daniel L{\"u}decke and Dominique Makowski and Mattan S. Ben-Shachar and Indrajeet Patil and Philip Waggoner and Brenton M. Wiernik},
  date = {2023},
  url = {https://easystats.github.io/performance/},
}
@Manual{R-see,
  type = {manual},
  title = {See: {{Model Visualisation Toolbox}} for Easystats and Ggplot2},
  author = {Daniel L{\"u}decke and Dominique Makowski and Indrajeet Patil and Mattan S. Ben-Shachar and Brenton M. Wiernik and Philip Waggoner},
  date = {2022},
  url = {https://easystats.github.io/see/},
}
@Manual{R-bayestestR,
  type = {manual},
  title = {{{bayestestR}}: {{Understand}} and Describe Bayesian Models and Posterior Distributions},
  author = {Dominique Makowski and Daniel L{\"u}decke and Mattan S. Ben-Shachar and Indrajeet Patil and Michael D. Wilson and Brenton M. Wiernik},
  date = {2022},
  url = {https://easystats.github.io/bayestestR/},
}
@Manual{R-report,
  type = {manual},
  title = {Report: {{Automated}} Reporting of Results and Statistical Models},
  author = {Dominique Makowski and Daniel L{\"u}decke and Indrajeet Patil and R{\a'e}mi Th{\a'e}riault and Mattan S. Ben-Shachar and Brenton M. Wiernik},
  date = {2023},
  url = {https://easystats.github.io/report/},
}
@Manual{R-tibble,
  type = {manual},
  title = {Tibble: {{Simple}} Data Frames},
  author = {Kirill M{\"u}ller and Hadley Wickham},
  date = {2022},
  url = {https://CRAN.R-project.org/package=tibble},
}
@Book{ggplot22016,
  title = {Ggplot2: {{Elegant}} Graphics for Data Analysis},
  author = {Hadley Wickham},
  date = {2016},
  publisher = {{Springer-Verlag New York}},
  url = {https://ggplot2.tidyverse.org},
  isbn = {978-3-319-24277-4},
}
@Manual{R-stringr,
  type = {manual},
  title = {Stringr: {{Simple}}, Consistent Wrappers for Common String Operations},
  author = {Hadley Wickham},
  date = {2022},
  url = {https://CRAN.R-project.org/package=stringr},
}
@Manual{R-readr,
  type = {manual},
  title = {Readr: {{Read}} Rectangular Text Data},
  author = {Hadley Wickham and Jim Hester and Jennifer Bryan},
  date = {2022},
  url = {https://CRAN.R-project.org/package=readr},
}
